2154 3500
1043 324 1097 363 36

404 464 493 492 rem
522 463 698 504 ornarc3
745 450 850 507 quin
890 451 1025 491 lenius
1065 463 1112 490 ea
1145 450 1317 491 ferenda
1362 458 1423 492 est
1463 453 1505 494 in
1543 467 1615 504 eo,
1663 452 1735 508 qui

402 542 536 583 quum
557 530 649 584 ipse
670 543 754 570 non
777 529 986 571 minorem
1012 530 1205 570 encomio
1231 543 1361 584 quam
1387 532 1506 584 poe'si
1521 532 1735 586 propriam

1026 605 1054 659 ¹,
1093 614 1134 650 et
1177 622 1226 650 ea
1257 613 1394 651 aetate
1426 607 1616 662 viveret,
1648 624 1731 666 qua

401 621 490 649 esse
528 614 720 649 censeret
762 606 982 650 licentiam

403 685 824 729 immoderatissimae
873 683 1023 729 laudes
1057 685 1185 742 plane
1219 685 1414 729 solennes
1455 694 1603 741 erant,
1654 695 1737 731 tam

404 778 498 805 raro
526 764 774 820 caeteroqui
803 763 885 807 hac
919 766 1115 807 libertate
1145 765 1302 806 abusus
1332 773 1408 807 est.

461 840 676 883 Pantheae
718 849 888 893 tamen,
936 841 1226 883 meticulosius
1262 840 1463 883 adversus
1497 841 1599 884 deos
1629 844 1736 884 affe-

403 928 496 962 ctae
533 919 573 965 ².
608 920 864 976 religionem
901 919 1099 975 injecisse
1132 926 1339 976 apparet,
1372 918 1490 976 quod
1528 934 1552 961 a
1595 929 1739 964 nostro

404 998 633 1055 cum-ipsis
662 997 823 1041 deabus
852 1005 1097 1055 comparata
1134 997 1295 1040 fuisset.
1328 997 1453 1040 Hunc
1484 999 1737 1055 scrupulum

401 1076 614 1118 Lucianus
654 1077 693 1117 ci
735 1076 917 1128 ademit,
963 1077 1098 1118 altero
1140 1076 1481 1132 ingeniosissimo
1513 1078 1558 1118 in
1589 1078 1738 1133 paucis

400 1154 641 1209 colloquio,
662 1154 779 1210 quod
797 1154 912 1208 jam,
930 1155 973 1195 ni
995 1155 1146 1206 fallor,
1170 1154 1224 1196 ad
1241 1169 1332 1196 eam
1355 1154 1586 1206 admissus,
1613 1170 1736 1211 prae-

400 1240 519 1275 sente
545 1232 637 1288 ipsa
666 1231 861 1276 recitavit
885 1235 921 1285 3;
950 1248 1000 1276 eo
1029 1232 1205 1289 quidem
1233 1232 1378 1285 modo,
1400 1240 1448 1276 ut
1475 1247 1626 1277 novam
1650 1233 1739 1276 lau.-

401 1308 531 1351 dandi
556 1310 777 1353 materiem
804 1324 852 1352 ex
870 1310 1064 1352 mulieris
1084 1325 1185 1368 erga
1210 1310 1310 1353 deos
1335 1310 1496 1366 pietate
1511 1310 1738 1354 derivaret,

400 1388 627 1431 Praeclara
666 1387 769 1431 inde
814 1388 1132 1431 commendatio
1173 1389 1384 1431 maximae
1408 1404 1510 1447 erga
1547 1389 1736 1431 divinum

403 1482 563 1510 numen
591 1467 816 1526 religionis
846 1468 876 1510 ⁴.
922 1468 1061 1521 Quam
1105 1469 1141 1508 si
1187 1467 1458 1511 retractanda
1486 1468 1565 1511 sibi
1604 1469 1739 1512 oratio

399 1547 534 1597 soret,
551 1553 683 1601 caput
708 1553 750 1587 et
783 1546 983 1588 verticem
1019 1546 1146 1588 totius
1177 1546 1315 1601 operis
1346 1546 1522 1604 imagini
1550 1562 1593 1589 se
1615 1547 1735 1590 addi-

399 1631 546 1665 turum
576 1622 771 1665 affirmat.

456 1702 550 1743 Jam
575 1714 712 1756 quum
730 1700 956 1742 accidisset
984 1708 1030 1741 ut
1054 1701 1098 1742 in
1117 1701 1261 1755 priore
1273 1701 1495 1762 colloquio
1511 1700 1737 1747 eruditi&

396 1791 496 1820 nem
529 1774 774 1836 (παιδείαν)
808 1784 825 1806 ⁵
860 1776 1038 1835 quidem
1065 1776 1347 1832 pulchrarum
1376 1792 1519 1820 rerum
1544 1780 1733 1820 omnium

397 1856 665 1912 principem,
693 1863 734 1896 et
765 1853 1036 1897 modestiam
1062 1857 1078 1878 ⁶
1112 1855 1327 1906 mulieris,
1362 1870 1448 1912 qua
1481 1871 1566 1898 non
1605 1872 1731 1913 supra

442 2050 453 2072 ¹
482 2052 543 2082 Pro
560 2050 654 2092 Imag.
672 2062 698 2081 c.
720 2049 773 2084 18.
795 2049 914 2082 καίτοι
933 2049 1088 2087 παλαιὸς
1110 2039 1211 2086 οὗτος
1230 2048 1249 2080 ὁ
1272 2049 1389 2091 λόγος,
1403 2048 1624 2087 ἀνευθύνους
1641 2044 1731 2082 εἶναι

396 2107 458 2138 καὶ
475 2106 627 2149 ποιητὰς
651 2105 712 2137 καὶ
732 2105 911 2150 γραφέας,
929 2104 1015 2141 τούς
1036 2102 1077 2137 δὲ
1097 2105 1333 2140 ἐπαινοῦντας
1360 2105 1423 2136 καὶ
1452 2104 1606 2144 μᾶλλον,
1634 2099 1732 2145 οἶμαι

397 2173 428 2192 κ.
449 2173 482 2193 τ.
501 2159 774 2205 «ι’-ἐλεύθερον
800 2160 869 2204 γάρ
887 2171 923 2191 τι
937 2158 955 2190 ὁ
977 2158 1129 2196 ἔπαινος.
1173 2161 1263 2191 Cous.
1287 2161 1325 2190 de
1342 2161 1462 2191 diversa
1488 2162 1618 2191 encomii
1635 2168 1663 2191 et
1682 2163 1726 2191 hi-

396 2217 511 2248 ‚toriae
529 2220 641 2247 natura
658 2215 732 2249 Luc.
746 2216 921 2256 judicium,
945 2216 1055 2256 Quom.
1077 2216 1156 2247 nist.
1178 2216 1287 2247 Conso.
1305 2227 1331 2249 c.
1353 2215 1382 2247 7.

443 2282 460 2302 2
484 2282 545 2314 Pro
566 2281 624 2313 Im.
644 2292 673 2313 c.
696 2280 737 2322 7,
757 2279 812 2312 12.

445 2348 460 2367 *⁴
487 2348 652 2378 Praesente
672 2346 738 2385 ipsa
756 2345 829 2376 Luc.
842 2345 973 2376 alterum
985 2346 1096 2376 librum
1115 2346 1258 2377 recitasse
1267 2347 1396 2387 colligas
1415 2357 1451 2377 ex
1472 2347 1531 2377 Pro
1549 2346 1605 2377 Im.
1617 2358 1647 2379 c.
1671 2345 1730 2383 16,

396 2415 458 2443 quo
477 2409 579 2434 sumto
598 2408 629 2434 et
648 2401 700 2432 hic
721 2401 782 2433 loc.
799 2404 830 2432 et
849 2401 988 2432 inventio
1005 2401 1098 2433 totius
1117 2401 1218 2433 libelli
1239 2402 1385 2444 egregiam
1406 2403 1438 2433 in
1457 2413 1503 2441 pr.
1530 2402 1733 2433 urbanitatem

396 2459 500 2490 habet.

438 2529 456 2550 4
480 2527 540 2558 Pro
558 2525 654 2567 Imag.
673 2537 701 2556 c.
715 2524 757 2556 17
770 2548 779 2565 ,
791 2523 916 2556 σκόπει
934 2524 1043 2565 γοῦν,
1061 2524 1183 2566 ἡλίκον
1202 2525 1314 2557 τοῦτο
1333 2522 1548 2568 παρέλιπον,
1570 2522 1614 2560 ὦς
1630 2533 1725 2562 σιἀμμ

393 2583 549 2624 μέγεθες
570 2581 622 2616 εἷς
647 2575 819 2616 ἐπίδειξίν
844 2578 982 2624 ςρόπου
1008 2581 1162 2633 lemnos}
1194 2580 1254 2611 καὶ
1279 2579 1419 2622 γνώμης
1441 2579 1564 2623 ‹ie-955⁴
1594 2578 1638 2616 ὡς
1656 2580 1729 2611 ὅσοι,

399 2640 435 2670 τὸ
457 2639 558 2670 θεῖον
580 2636 629 2678 μὴ
661 2636 698 2667 ἐν
719 2634 886 2680 παρέργῳ
909 2635 1087 2674 σέβουσιν,
1119 2635 1215 2667 οὗτοι
1242 2636 1302 2666 καὶ
1341 2636 1381 2666 τὰ
1409 2636 1493 2679 πρὸς
1519 2635 1733 2680 ἀνθρώπους
1787 2632 1789 2634 ’

392 2695 527 2737 ι’ίριστοι
543 2691 588 2723 ἂν
608 2694 692 2724 εἶεν.
715 2705 743 2722 κ.
767 2704 796 2723 t.
818 2704 844 2723 ι.

439 2748 453 2770 5
481 2749 576 2785 [mag.
596 2760 623 2778 c.
645 2747 697 2778 lli.

438 2807 455 2828 ⁶
483 2807 562 2837 thid.
583 2818 608 2836 c.
628 2805 680 2836 21.
