2154 3500
1039 251 1062 289 7

397 393 526 422 cursu
541 379 732 421 instituto
745 393 879 438 usque
894 377 940 419 in
954 377 1234 419 occidentem.
1248 373 1434 419 devehit.
1465 376 1562 431 Ipse
1575 384 1719 420 autem

394 459 439 497 in
467 457 543 498 illo
572 457 725 499 itinere
752 457 921 498 seminis
961 453 1126 512 aliquid
1154 454 1198 510 in
1241 461 1398 496 terram
1423 452 1612 508 dejicere
1641 454 1721 496 sibi

397 534 567 576 videtur
589 545 601 568 ¹
621 568 633 586 ,
670 550 807 594 eoque
832 533 1022 577 omnium
1046 531 1128 575 sibi
1152 530 1298 575 laudes
1325 538 1368 575 et
1394 530 1723 586 acclamationes

398 612 653 664 conciliare,
696 618 826 671 atque
862 610 1014 653 exinde
1061 609 1193 651 redux
1232 608 1528 652 honestissimo
1562 609 1727 651 amictu

400 688 573 732 indutus
594 690 705 746 patri
729 704 804 731 suo
836 688 1074 731 monstrari.

458 768 739 822 Quantumvis
777 775 920 811 autem
947 766 1172 824 splendida
1207 768 1291 809 sint
1315 766 1432 811 illius
1458 766 1612 813 somnii
1635 766 1723 809 visa

401 852 443 887 et
475 846 791 889 accommodata
824 846 878 888 ad
920 844 1203 903 designandas
1228 844 1393 891 ,alacris
1445 851 1487 887 et
1512 844 1730 902 'generosi

398 925 561 982 ingenii
598 926 898 982 cogitationes,
939 939 989 966 ex
1026 923 1213 981 quodam
1249 931 1391 965 tamen
1425 922 1730 973 declamatorio

397 1001 547 1044 habitu
568 1011 583 1034 ²
602 1036 613 1054 ,
655 1017 784 1059 quem
819 1002 950 1045 refert
988 1001 1104 1057 apud
1127 1001 1364 1049 Lucianum
1392 1001 1528 1045 oratio
1554 998 1729 1045 Erudi-

401 1079 566 1131 tiom'e,
598 1086 640 1121 et
657 1067 871 1122 crebriore
887 1111 898 1131 ‚
924 1092 1034 1137 quae
1055 1079 1101 1121 in
1123 1093 1172 1122 ea
1197 1067 1487 1134 conspicitur,
1514 1089 1731 1138 commen-

402 1154 573 1198 datione
597 1156 811 1199 facultatis
849 1157 960 1198 bene
992 1156 1165 1198 dicendi
1191 1159 1232 1208 ³,
1270 1140 1362 1211 jam
1399 1144 1608 1212 suspicari
1635 1156 1731 1213 quis

404 1234 559 1288 possit,
601 1237 764 1290 primae
808 1235 924 1277 illius
954 1235 1129 1279 Luciani
1173 1235 1377 1284 παιδείας
1416 1232 1732 1293 quodammodo

403 1312 631 1354 oratoriam
652 1313 781 1355 fuisse
809 1312 1013 1356 indolem.
1046 1313 1192 1372 Atque
1219 1314 1280 1356 ita
1309 1306 1376 1355 res
1399 1312 1573 1357 omnino
1588 1327 1633 1355 se
1654 1311 1731 1354 ha-

405 1389 513 1432 huit.
546 1391 739 1447 Namque
774 1391 877 1432 alibi
903 1392 918 1414 ⁴¹
940 1391 1115 1432 tradidit
1155 1391 1385 1434 admodum
1410 1405 1454 1432 se
1481 1390 1731 1434 adolescen-

409 1475 493 1509 tem
527 1467 572 1509 in
596 1467 714 1509 Ionia
741 1468 929 1523 coepisse
951 1466 1208 1511 rhetoricae
1238 1483 1411 1525 operam
1438 1468 1565 1522 dare,
1603 1455 1733 1526 atquc

406 1545 481 1587 illa
497 1544 732 1587 exercenda
748 1546 943 1602 usquein
957 1545 1142 1588 Galliam
1159 1532 1400 1602 profectum
1422 1544 1572 1597 fuisse,
1598 1560 1733 1602 paene

405 1623 794 1681 quadragenarium
816 1637 917 1664 vero
945 1623 983 1664 ci
1022 1623 1281 1666 valedixisse.
1315 1623 1437 1665 Unde
1472 1623 1734 1680 percipimus

406 1702 631 1743 sublimem
657 1702 782 1743 illum
806 1715 977 1743 cursum
996 1733 1008 1752 ‚
1039 1716 1125 1758 quo
1153 1717 1229 1758 per
1250 1703 1459 1744 somnium
1493 1703 1548 1744 ab
1571 1704 1735 1745 oriente

405 1781 449 1820 in
486 1779 755 1820 occidentem
782 1779 981 1820 devectus
1019 1780 1099 1830 sit,
1129 1765 1519 1836 peregrinationem
1552 1781 1733 1823 maxime

404 1859 533 1901 fuisse
559 1857 737 1900 rhetoris
760 1857 847 1899 sive
874 1855 1085 1913 sophistae
1110 1859 1142 1900 ⁵.
1189 1858 1287 1913 Qua
1314 1858 1487 1906 demum
1514 1858 1730 1914 perfecta,

404 1936 615 1978 Lucianus
637 1936 815 1978 accessit
836 1935 890 1977 ad
911 1935 1022 1978 illud
1049 1937 1265 1979 scribendi
1290 1952 1452 1995 genus,
1495 1947 1583 1995 quo
1605 1937 1733 1980 hodie

460 2085 472 2103 1
503 2081 608 2112 Somn.
628 2093 656 2113 c.
680 2080 733 2113 15.
759 2081 932 2121 Grandior,
953 2091 1044 2121 quam
1062 2082 1101 2113 ad
1118 2082 1304 2124 designanda
1317 2083 1476 2115 rhetorica
1495 2084 1625 2116 Luciani
1640 2083 1737 2114 offici·

408 2138 663 2169 accommodatior
681 2149 746 2168 esse
767 2139 889 2169 videtur
912 2137 987 2169 haec
1014 2139 1160 2180 allegoria
1176 2136 1198 2170 a'
1214 2138 1329 2170 semine
1358 2140 1485 2171 serendo
1512 2140 1626 2179 petitu
1646 2150 1738 2180 quam

407 2197 506 2236 specie
524 2197 655 2237 quadam
671 2196 869 2237 philosophae
891 2196 1051 2237 gravitatis
1070 2197 1175 2237 (Conf.
1188 2209 1238 2229 ex.
1250 2209 1278 2229 c.
1295 2197 1378 2229 Plat.
1396 2197 1526 2229 Phaedr.
1544 2209 1574 2238 p.
1595 2195 1673 2230 276.
1692 2196 1738 2236 Ε,

409 2251 486 2283 277.
498 2252 555 2295 A.)
566 2253 735 2282 nonnullos
747 2252 903 2281 induxisse
912 2258 987 2291 puto
995 2274 1003 2288 ‚
1016 2258 1051 2282 ut
1060 2252 1291 2296 σπειρόμενον
1300 2254 1381 2284 illud
1396 2255 1671 2294 interpretarentur
1684 2264 1740 2302 pro

409 2309 576 2339 veritatis
594 2314 624 2339 et
638 2317 739 2338 verae
752 2307 952 2348 sapientiae
955 2308 1155 2349 principiis
1165 2332 1176 2350 ,
1188 2320 1268 2350 quae
1284 2309 1466 2351 aequalibus
1477 2321 1510 2341 ae
1527 2309 1590 2342 suis
1606 2308 1740 2349 imperti-

405 2362 484 2393 visse
502 2361 656 2393 Lucianus
673 2361 706 2395 h.
722 2362 745 2395 l,
769 2361 1008 2402 significavisset.

453 2423 470 2444 ²
495 2426 567 2458 Vid.
588 2427 621 2458 in
639 2438 685 2466 pr.
705 2426 809 2458 somn.
830 2438 857 2458 c.
877 2425 929 2458 13.

453 2492 468 2512 3
498 2489 570 2521 Vid.
590 2489 693 2521 Somn.
711 2502 738 2522 c.
760 2489 782 2521 9
801 2515 809 2531 ,
825 2488 887 2530 12,
909 2489 966 2526 13:
988 2491 1069 2522 conf.
1088 2491 1107 2522 7
1125 2492 1157 2521 iu
1174 2492 1245 2522 fine.

452 2556 471 2579 4
496 2552 547 2583 Bis
569 2552 681 2584 Aecus.
699 2564 728 2585 e.
745 2551 808 2594 27,
829 2552 891 2590 32;
920 2554 980 2584 Pro
993 2554 1086 2585 Mero.
1105 2554 1256 2586 conduct.
1274 2566 1299 2584 e.
1325 2554 1373 2585 15.

456 2619 469 2640 ⁵
497 2618 598 2650 Simili
613 2621 702 2650 modo
722 2620 949 2661 Philostratus,
969 2620 1000 2651 in
1015 2620 1081 2651 vit.
1109 2620 1243 2660 Sophist.
1271 2620 1325 2650 lib.
1346 2619 1388 2649 11.
1421 2620 1462 2651 15
1471 2618 1539 2663 352,
1567 2621 1604 2652 de
1636 2620 1737 2652 Ptole·
1779 2602 1793 2612 ‘

411 2686 497 2706 maeo
509 2674 653 2715 SophistA
665 2685 672 2706 ε
685 2673 802 2721 ὥσπερ
822 2675 882 2709 ἐπὶ
898 2668 1063 2721 λαμπροῦ
1085 2674 1267 2718 ὀχήματος
1285 2675 1478 2718 τῆςφήμης
1486 2675 1737 2720 πορευόμενος,

411 2730 503 2771 διῄει,
523 2731 569 2762 τὰ.
587 2730 687 2772 ἄστη.
1364 2726 1369 2731 ’
