2154 3500
1040 223 1094 264 79

394 351 521 392 rismo
552 349 719 406 Nigrini
747 356 1027 392 memoratum
1061 350 1251 392 videmus
1272 350 1716 405 exercitiorumjus-

326 462 329 465 Α
392 433 491 469 tum
532 426 584 467 in
625 441 672 469 eo
713 428 926 471 modum.-
966 444 1086 473 «non
1125 444 1323 485 parva‚›>
1364 427 1534 485 inquit,
1573 426 1713 470 «haec

390 504 569 562 praebet
610 505 766 550 imitari
810 508 1051 551 volentibus
1099 507 1321 565 exempla,
1368 507 1507 549 vietus
1550 503 1714 547 scilicet

386 583 701 641 frugalitatem,
742 588 831 632 τῶν
860 586 1109 644 γυμνασίων
1135 590 1184 632 τὸ
1228 591 1488 644 σύμμετρον,
1531 582 1712 643 (Nigrin.

389 677 427 704 c.
458 661 557 720 26);
594 664 897 708 Demonactem
930 665 1237 722 philosophum
1274 664 1447 715 laudat,
1481 662 1596 721 quod
1628 677 1712 705 non

388 739 546 797 illotis,
578 742 694 800 quod
725 743 865 794 aiunt,
894 744 1100 799 pedibus,
1135 744 1209 786 sed
1237 744 1370 786 literis
1398 743 1570 785 demum
1585 741 1716 783 innu-

387 819 511 861 tritus
557 819 848 876 philosophari
889 836 1083 878 agressus
1111 822 1288 874 fuisset,
1319 819 1544 876 subjungit
1573 827 1713 861 autem

388 899 462 938 καὶ
489 898 539 939 τὸ
566 900 687 951 σῶμα
705 898 751 941 δὲ
785 901 1101 954 ἐγεγύμναστο,
1130 903 1205 943 καὶ
1229 902 1334 956 πρὸς
1356 899 1586 956 καρτερίαν
1625 897 1715 941 διε-

389 976 609 1029 πεπόνητο
643 974 744 1033 (Vit.
773 974 950 1018 Demon.
983 990 1021 1018 e.
1052 974 1118 1033 4).

451 1052 614 1095 Verum
662 1053 900 1095 cavendum
945 1068 1000 1096 ne
1047 1054 1148 1097 inde
1201 1054 1460 1105 efficiamus,
1505 1052 1714 1096 studuisse

398 1128 660 1184 Lucianum‚
698 1138 747 1172 ut
787 1131 875 1174 sive
903 1131 1155 1175 educatione
1185 1131 1300 1188 apud
1332 1131 1532 1189 aequales
1562 1129 1710 1188 insor-

398 1208 569 1250 mandet
615 1210 872 1254 instauraret
919 1212 1240 1269 antiquitatem,
1281 1211 1368 1253 sive
1411 1208 1714 1253 restituendi:

393 1289 669 1344 gymnasticis
708 1289 917 1332 exercitiis
961 1289 1232 1345 depravatam
1267 1290 1529 1333 Graecorum
1558 1295 1600 1331 et
1631 1289 1715 1331 Ro-

389 1381 611 1410 manorum
645 1367 895 1425 progeniem
927 1367 981 1410 ad
1016 1368 1237 1411 meliorem
1270 1367 1441 1426 frugem
1472 1366 1711 1410 reduceret.

389 1445 450 1486 Ne
484 1445 598 1486 enim
630 1445 845 1497 dicamus,
878 1460 1084 1502 apparere
1114 1447 1242 1501 plane
1264 1461 1287 1487 e
1312 1448 1503 1501 scriptis,
1540 1447 1586 1486 in
1617 1447 1713 1501 qui-

392 1523 471 1564 hus
508 1523 748 1575 Lucianus,
794 1523 946 1566 relicta
984 1523 1239 1579 sophistica,
1283 1537 1420 1565 mores
1466 1522 1713 1579 aequalium

393 1602 649 1657 descripsit,
677 1601 803 1642 nimis
843 1615 940 1643 eum
979 1601 1032 1643 de
1078 1601 1224 1643 seculo
1252 1615 1327 1643 suo
1363 1600 1630 1656 desperasse,
1665 1606 1714 1642 ut

394 1679 675 1723 emendatoris
716 1685 857 1735 partes
885 1678 1091 1735 potuisset
1118 1678 1334 1734 suscipere
1370 1677 1472 1738 (vid.
1505 1678 1712 1720 luculen-

392 1764 456 1800 tos
488 1757 626 1800 locos:
666 1757 820 1799 Piscat.
861 1770 893 1798 s.
933 1755 1080 1798 Reviv.
1124 1770 1162 1797 c.
1206 1757 1289 1808 203
1332 1756 1393 1797 De
1419 1756 1552 1798 Morte
1586 1756 1714 1797 Pere-

391 1836 504 1894 grin.
537 1849 575 1876 c.
607 1837 684 1887 393
713 1833 920 1877 Alexand.
949 1848 984 1876 s·
1014 1833 1237 1876 Pseudom.
1256 1848 1293 1876 c.
1312 1836 1367 1877 45
1386 1866 1397 1886 ,
1435 1833 1538 1877 coll.
1557 1849 1595 1877 c.
1619 1831 1713 1891 55),

389 1913 518 1970 pauci
545 1910 774 1956 admodum
811 1910 858 1954 in
891 1909 982 1966 ejus
1010 1909 1179 1967 scriptis
1209 1910 1296 1954 loci
1328 1918 1453 1964 sunt,
1486 1911 1532 1955 in
1558 1911 1714 1969 quibus

390 1991 478 2035 ulla
518 1991 566 2034 fit
605 1991 765 2033 mentio
810 1989 864 2033 de
909 1989 1195 2042 educatione,
1241 2004 1352 2047 quae
1401 1991 1534 2048 ipsius
1579 1997 1716 2033 aetate

392 2076 496 2113 erat.
542 2068 858 2111 Institutionem
898 2068 1101 2125 quidem,
1143 2084 1253 2128 quae
1283 2070 1337 2112 ab
1367 2069 1620 2127 aequalibus
1651 2083 1716 2110 so-

392 2147 543 2204 phistis
591 2146 935 2190 adolescentibus
985 2146 1179 2191 adhiberi
1232 2149 1421 2198 solebat.
1471 2156 1513 2191 et
1563 2148 1719 2190 acriter

393 2225 640 2282 perstrinxit
682 2231 724 2267 et
767 2224 943 2268 sanioris
982 2225 1155 2269 rationis
1188 2227 1228 2269 ei
1264 2225 1498 2270 identidem
1528 2225 1721 2282 exempla

394 2303 614 2360 opposuit3
675 2317 825 2346 verum
867 2311 1168 2362 praeterquam
1208 2305 1324 2362 quod
1366 2305 1412 2346 in
1457 2319 1508 2346 eo
1551 2303 1719 2361 agendo

393 2396 568 2425 suorum
608 2383 738 2438 ipsius
777 2382 1017 2425 studiorum
1052 2390 1094 2426 et
1133 2384 1354 2426 literarum
1393 2396 1583 2425 caussam
1614 2398 1716 2440 age-

393 2460 491 2513 bat,
525 2468 691 2503 tantum
722 2461 894 2513 aberat,
924 2469 974 2503 ut
1004 2461 1057 2505 de
1089 2461 1352 2505 emendanda
1387 2463 1462 2505 illa
1490 2460 1717 2517 disciplina

397 2539 508 2581 bene
539 2537 749 2594 speraret,
799 2547 847 2581 ut
885 2547 1035 2582 contra
1079 2538 1293 2595 sophistae
1335 2554 1513 2582 munere
1554 2540 1645 2595 ipse
1676 2554 1720 2581 se

396 2616 982 2661 abdicaverit—Caeterum
1021 2618 1066 2660 in
1107 2617 1314 2676 Nigrino,
1355 2632 1393 2661 c.
1437 2618 1523 2673 27,
1561 2617 1722 2661 notavit

397 2695 623 2738 asceticam
675 2696 958 2751 quorumdam
1009 2703 1335 2752 praeceptorum
1388 2697 1434 2739 in
1491 2695 1719 2753 discipulos
