2154 3500
933 256 988 297 67

301 389 489 432 taedium
503 386 691 429 Luciano
715 383 895 428 movisse
918 389 1108 438 apparet.
1140 382 1430 440 scriptionum
1449 385 1622 441 quidem

302 466 415 510 varia
440 478 596 522 genera
623 463 669 506 in
694 460 959 519 juvenilibus
992 461 1124 503 nostri
1153 462 1351 518 operibus
1384 461 1621 516 habentur,

303 552 345 587 ct
367 558 393 584 a
423 540 619 598 sophistis
650 540 849 597 componi
882 553 933 582 ac
958 538 1130 581 recitari
1163 540 1381 594 solebant,
1413 541 1488 584 sed
1519 557 1624 598 pro-

303 621 397 678 pria
412 626 553 662 tamen
573 633 720 662 eorum
748 616 876 660 officii
903 616 1035 669 ratio,
1060 624 1228 673 praeter
1252 620 1480 662 oratoriam
1505 620 1626 662 insti-

304 699 514 741 tutionem
545 699 590 740 in
623 694 913 760 declamando
935 695 1071 751 posita
1095 696 1193 738 suit.
1224 687 1359 740 Etiam
1387 699 1623 741 Lueianum

302 778 348 821 in
377 791 427 821 eo
456 776 718 834 potissimum
743 780 954 818 versatum
974 772 1104 835 fuisse
1125 773 1323 837 laudatus
1347 776 1466 820 locus
1497 785 1626 821 testa-

303 863 388 899 tur.
434 856 527 898 Jam
562 853 915 896 declamationem
954 852 1097 904 illam,
1142 867 1271 910 quam
1311 855 1540 897 consistere
1580 856 1626 897 iu

302 932 627 987 praeparatione
667 930 938 987 eloquentiae
974 930 1149 985 publice
1198 931 1460 973 exercendae
1497 946 1625 987 opor-

303 1010 441 1062 tebat,
480 1023 582 1064 prae
621 1009 829 1065 singulari
863 1009 1072 1050 oratoriae
1106 1008 1321 1051 facultatis
1355 1024 1498 1052 amore
1536 1018 1628 1051 tum

303 1088 348 1128 in
377 1086 525 1142 primis
552 1086 719 1142 antiqui
739 1086 929 1141 amplexi
944 1086 1137 1137 fuerant,
1160 1101 1294 1143 quum
1311 1095 1497 1129 mutatus
1518 1087 1628 1143 poli-

304 1163 414 1206 ticus
431 1163 545 1206 orbis
570 1169 701 1204 status
726 1161 954 1218 pristinum
972 1169 1188 1205 oratorum
1210 1164 1354 1206 locum
1369 1164 1414 1206 in
1438 1164 1628 1207 consiliis

305 1250 348 1284 et
366 1241 545 1297 judiciis
572 1248 737 1283 tantum
765 1255 850 1283 non
880 1240 1008 1296 plane
1037 1242 1264 1283 sustulerat
1293 1249 1321 1284 ¹.
1348 1242 1455 1285 Inde
1486 1250 1628 1285 autem

305 1327 389 1362 tota
424 1318 654 1375 sophistica
679 1317 784 1361 ratio
813 1318 859 1361 in
884 1317 1191 1363 insanissimam
1217 1319 1449 1376 quamdam
1465 1320 1629 1364 abierat

305 1396 671 1454 ματαιοτέχνιαν,
715 1409 801 1437 non
840 1394 1174 1439 declamatorum
1201 1397 1339 1438 solum
1366 1397 1495 1454 culpa
1513 1432 1523 1451 ,
1557 1398 1630 1440 sed

305 1475 388 1517 hoc
423 1475 544 1531 ipso,
591 1472 708 1530 quod
738 1485 817 1515 nec
847 1473 1025 1515 materie
1053 1488 1076 1515 e
1102 1488 1245 1515 rerum
1272 1489 1352 1516 usu
1383 1485 1427 1516 et
1457 1476 1634 1518 veritato

313 1553 445 1609 petita
461 1585 472 1605 ‚
502 1565 583 1594 nec
614 1551 769 1608 finibus
794 1565 843 1594 ex
871 1550 1019 1594 eadem
1042 1551 1294 1604 constitutis,
1315 1551 1446 1610 longe
1461 1551 1635 1612 lateque

314 1630 631 1674 dominabatur.
676 1630 781 1673 Nam
805 1628 849 1672 in
886 1636 1004 1672 tanto
1022 1662 1033 1681 ,
1059 1636 1221 1686 quanto
1258 1629 1437 1673 florebat
1467 1629 1632 1675 honore

306 1710 478 1764 inopem
518 1721 636 1748 suam
653 1739 664 1757 ‚
694 1719 773 1748 nec
803 1705 857 1747 ad
882 1705 1123 1748 docendum
1152 1720 1242 1747 eam
1271 1713 1345 1748 aut
1368 1707 1634 1763 >persuaden—

308 1786 412 1829 dum
425 1819 437 1838 ‚
451 1784 523 1827 sed
537 1784 665 1826 unice
679 1784 731 1827 ad
743 1783 1041 1826 delectandum
1054 1784 1330 1839 compositam
1342 1792 1537 1827 naturam
1549 1802 1635 1829 non

309 1864 434 1907 aliter
450 1863 604 1920 potuit,
627 1862 708 1905 nisi
729 1862 1018 1919 splendidiore
1034 1869 1076 1904 et
1094 1862 1325 1906 tumidiore
1336 1863 1382 1906 in
1397 1863 1487 1906 dies
1500 1865 1635 1908 forma

311 1951 354 1986 et
387 1942 664 1985 insolentiore
696 1947 1047 2000 argumentorum
1083 1940 1258 1983 fictione
1283 1938 1298 1961 ²
1337 1954 1626 1999 compensare.

369 2022 485 2064 Haec
516 2021 607 2076 ipsa
622 2052 635 2074 ,
662 2034 792 2077 quam
818 2018 1055 2061 identidem
1077 2018 1255 2060 meliora
1275 2018 1391 2060 illius
1405 2021 1498 2063 aevi
1509 2021 1637 2079 inge-

355 2186 369 2209 1
395 2186 491 2217 Notus
508 2191 554 2216 est
575 2186 664 2216 locus
685 2184 720 2215 in
734 2183 817 2214 nial.
834 2183 872 2213 de
891 2182 989 2213 Orett.
1006 2193 1034 2213 c.
1054 2180 1098 2213 36
1110 2181 1190 2214 -42
1205 2184 1239 2214 iu
1262 2194 1310 2223 pr.
1325 2194 1352 2214 c.
1374 2182 1416 2214 41
1429 2207 1438 2224 ‚
1456 2183 1490 2215 5.
1521 2196 1538 2215 α
1549 2184 1629 2225 Quid

308 2243 392 2274 enim
419 2253 495 2282 opus
522 2247 569 2272 est
593 2240 694 2282 longis
720 2239 753 2270 iu
781 2244 890 2270 senatu
915 2238 1093 2279 sententiis,
1122 2250 1192 2270 oum
1210 2239 1319 2279 optimi
1334 2240 1399 2271 cito
1415 2239 1636 2272 consentiant?

311 2299 393 2341 Quid
417 2298 522 2329 multis
548 2298 631 2337 apud
653 2297 801 2337 populum
826 2296 1025 2327 concionibus
1037 2319 1047 2336 ,
1065 2307 1134 2327 cum
1155 2297 1192 2328 de
1211 2296 1362 2337 Repulica
1379 2308 1442 2329 non
1459 2298 1589 2337 imperiti
1603 2304 1634 2328 et

310 2356 402 2387 multi
418 2355 604 2391 deliberent,
625 2353 677 2385 sed
695 2352 936 2393 sapientissimus
952 2358 983 2383 et
1001 2351 1158 2383 unusp-
1169 2353 1250 2394 Quid
1264 2351 1423 2385 invidiosis
1441 2360 1472 2385 et
1487 2354 1636 2385 exceden-

310 2413 394 2443 tibus
409 2412 531 2441 modum
547 2409 798 2449 defensionibus,
821 2419 891 2440 cum
907 2409 1070 2440 clementis
1089 2409 1300 2449 cognoscentis
1318 2410 1439 2440 obviam
1454 2409 1634 2449 pereclitan-

313 2468 397 2499 tibus
413 2465 512 2498 eati‘»

358 2523 375 2542 ²
398 2522 600 2553 Athenienses
627 2520 822 2552 vehementer
845 2521 986 2552 admirati
1003 2526 1075 2550 sunt
1088 2520 1296 2551 Alexandrum
1314 2520 1501 2559 sophistam,
1521 2532 1612 2561 quum
1627 2546 1636 2562 ,

312 2589 413 2610 coram
441 2578 515 2618 ipsis
537 2584 567 2610 et
592 2577 711 2609 Herode
725 2577 831 2611 Attico
841 2601 850 2618 ,
867 2576 994 2619 Scythas
1013 2582 1169 2609 revocaret
1185 2576 1223 2608 nd
1240 2576 1334 2607 vitam
1355 2576 1565 2617 vagabundam
1577 2601 1586 2618 ,
1603 2590 1640 2610 eo

315 2636 398 2676 quod
416 2636 507 2666 urbes
525 2635 695 2666 incolentes
713 2635 878 2666 infirmiore
899 2634 1075 2665 valetudine
1090 2640 1204 2670 esseut;
1223 2633 1371 2664 orationis
1391 2640 1491 2664 nutem
1509 2634 1560 2667 hic
1576 2645 1641 2668 erat

316 2693 404 2724 finis:
424 2686 502 2723 ἀλλ’
531 2689 758 2723 ἀναπέτασον
774 2690 839 2728 τὰς
855 2689 990 2729 πύλας,
1009 2688 1230 2722 ἀναπνεῦσαι
1250 2687 1359 2721 θέλω.
1380 2690 1524 2723 Philostr.
1545 2693 1567 2724 l.
1588 2693 1617 2725 11
1631 2719 1639 2734 ‚

315 2749 358 2789 5,
377 2748 394 2791 §
411 2748 442 2780 3.
468 2748 569 2779 Olear.
590 2758 619 2787 p.
637 2746 710 2778 573.
