<?xml version="1.0" encoding="UTF-8"?>
<!DOCTYPE html PUBLIC "-//W3C//DTD XHTML 1.0 Transitional//EN"
    "http://www.w3.org/TR/xhtml1/DTD/xhtml1-transitional.dtd">
<html xmlns="http://www.w3.org/1999/xhtml" xml:lang="en" lang="en">
 <head>
  <title>
</title>
<meta http-equiv="Content-Type" content="text/html;charset=utf-8" />
  <meta name='ocr-system' content='tesseract 3.04.00' />
  <meta name='ocr-capabilities' content='ocr_page ocr_carea ocr_par ocr_line ocrx_word'/>
</head>
<body>
  <div class='ocr_page' id='page_1' title='image "./4629189_0097.png"; bbox 0 0 2154 3500; ppageno 0'>
   <div class='ocr_carea' id='block_1_1' title="bbox 308 2566 324 2589">
    <p class='ocr_par' dir='ltr' id='par_1_1' title="bbox 308 2566 324 2589">
     <span class='ocr_line' id='line_1_1' title="bbox 308 2566 324 2589; baseline 0 -5"><span class='ocrx_word' id='word_1_1' title='bbox 308 2566 324 2589; x_wconf 64' lang='lat' dir='ltr'><strong>,l</strong></span> 
     </span>
    </p>
   </div>
   <div class='ocr_carea' id='block_1_2' title="bbox 326 2543 339 2562">
    <p class='ocr_par' dir='ltr' id='par_1_2' title="bbox 326 2543 339 2562">
     <span class='ocr_line' id='line_1_2' title="bbox 326 2543 339 2562; baseline 0 0"><span class='ocrx_word' id='word_1_2' title='bbox 326 2543 339 2562; x_wconf 83' lang='lat' dir='ltr'><em>l</em></span> 
     </span>
    </p>
   </div>
   <div class='ocr_carea' id='block_1_3' title="bbox 339 2377 444 2542">
    <p class='ocr_par' dir='ltr' id='par_1_3' title="bbox 339 2377 444 2542">
     <span class='ocr_line' id='line_1_3' title="bbox 339 2377 444 2542; baseline -0.029 -150"><span class='ocrx_word' id='word_1_3' title='bbox 339 2377 444 2542; x_wconf 45' lang='lat' dir='ltr'><strong>s„</strong></span> 
     </span>
    </p>
   </div>
   <div class='ocr_carea' id='block_1_4' title="bbox 1125 301 1179 343">
    <p class='ocr_par' dir='ltr' id='par_1_4' title="bbox 1125 301 1179 343">
     <span class='ocr_line' id='line_1_4' title="bbox 1125 301 1179 343; baseline -0.056 0"><span class='ocrx_word' id='word_1_4' title='bbox 1125 301 1179 343; x_wconf 85' lang='lat'><strong>82</strong></span> 
     </span>
    </p>
   </div>
   <div class='ocr_carea' id='block_1_5' title="bbox 1113 431 1186 475">
    <p class='ocr_par' dir='ltr' id='par_1_5' title="bbox 1113 431 1186 475">
     <span class='ocr_line' id='line_1_5' title="bbox 1113 431 1186 475; baseline 0 -1"><span class='ocrx_word' id='word_1_5' title='bbox 1113 431 1186 475; x_wconf 88' lang='lat' dir='ltr'><strong>IV.</strong></span> 
     </span>
    </p>
   </div>
   <div class='ocr_carea' id='block_1_6' title="bbox 541 573 1802 658">
    <p class='ocr_par' dir='ltr' id='par_1_6' title="bbox 541 573 1802 658">
     <span class='ocr_line' id='line_1_6' title="bbox 541 573 1802 658; baseline -0.029 -12"><span class='ocrx_word' id='word_1_6' title='bbox 541 606 763 658; x_wconf 81' lang='lat' dir='ltr'><strong>Perperam</strong></span> <span class='ocrx_word' id='word_1_7' title='bbox 792 612 814 638; x_wconf 92' lang='lat' dir='ltr'><strong>e</strong></span> <span class='ocrx_word' id='word_1_8' title='bbox 841 593 1016 637; x_wconf 85' lang='lat' dir='ltr'><strong>Lueiani</strong></span> <span class='ocrx_word' id='word_1_9' title='bbox 1046 588 1232 644; x_wconf 84' lang='lat' dir='ltr'><strong>Dialogis</strong></span> <span class='ocrx_word' id='word_1_10' title='bbox 1267 583 1520 624; x_wconf 64' lang='lat' dir='ltr'><strong>Mortuerum</strong></span> <span class='ocrx_word' id='word_1_11' title='bbox 1551 573 1802 629; x_wconf 74' lang='lat' dir='ltr'>colligitur,</span> 
     </span>
    </p>
   </div>
   <div class='ocr_carea' id='block_1_7' title="bbox 484 659 1403 726">
    <p class='ocr_par' dir='ltr' id='par_1_7' title="bbox 484 659 1403 726">
     <span class='ocr_line' id='line_1_7' title="bbox 484 659 1403 726; baseline -0.029 -1"><span class='ocrx_word' id='word_1_12' title='bbox 484 698 581 726; x_wconf 83' lang='lat' dir='ltr'><strong>eum</strong></span> <span class='ocrx_word' id='word_1_13' title='bbox 609 677 801 722; x_wconf 80' lang='lat' dir='ltr'><strong>statuisse</strong></span> <span class='ocrx_word' id='word_1_14' title='bbox 825 674 988 717; x_wconf 81' lang='lat' dir='ltr'><strong>animos</strong></span> <span class='ocrx_word' id='word_1_15' title='bbox 1021 682 1108 711; x_wconf 86' lang='lat' dir='ltr'><strong>esse</strong></span> <span class='ocrx_word' id='word_1_16' title='bbox 1137 659 1403 709; x_wconf 80' lang='lat' dir='ltr'><strong>immortales.</strong></span> 
     </span>
    </p>
   </div>
   <div class='ocr_carea' id='block_1_8' title="bbox 1130 841 1183 884">
    <p class='ocr_par' dir='ltr' id='par_1_8' title="bbox 1130 841 1183 884">
     <span class='ocr_line' id='line_1_8' title="bbox 1130 841 1183 884; baseline -0.057 1"><span class='ocrx_word' id='word_1_17' title='bbox 1130 841 1183 884; x_wconf 91' lang='lat' dir='ltr'><strong>V.</strong></span> 
     </span>
    </p>
   </div>
   <div class='ocr_carea' id='block_1_9' title="bbox 506 963 1809 1113">
    <p class='ocr_par' dir='ltr' id='par_1_9' title="bbox 506 963 1809 1113">
     <span class='ocr_line' id='line_1_9' title="bbox 565 963 1809 1033; baseline -0.018 -6"><span class='ocrx_word' id='word_1_18' title='bbox 565 987 803 1033; x_wconf 72' lang='lat' dir='ltr'><strong>Dramatica</strong></span> <span class='ocrx_word' id='word_1_19' title='bbox 841 990 982 1027; x_wconf 70' lang='lat' dir='ltr'><strong>autem</strong></span> <span class='ocrx_word' id='word_1_20' title='bbox 1017 980 1150 1022; x_wconf 73' lang='lat' dir='ltr'>forma</span> <span class='ocrx_word' id='word_1_21' title='bbox 1219 968 1221 970; x_wconf 76' lang='grc'>’</span> <span class='ocrx_word' id='word_1_22' title='bbox 1239 966 1300 1023; x_wconf 89' lang='lat' dir='ltr'><strong>gis</strong></span> <span class='ocrx_word' id='word_1_23' title='bbox 1337 965 1381 1006; x_wconf 88' lang='lat' dir='ltr'><strong>in</strong></span> <span class='ocrx_word' id='word_1_24' title='bbox 1409 963 1459 1005; x_wconf 92' lang='lat' dir='ltr'><strong>iis</strong></span> <span class='ocrx_word' id='word_1_25' title='bbox 1488 963 1716 1020; x_wconf 77' lang='lat' dir='ltr'><strong>composita</strong></span> <span class='ocrx_word' id='word_1_26' title='bbox 1749 971 1809 1005; x_wconf 85' lang='lat' dir='ltr'><strong>est</strong></span> 
     </span>
     <span class='ocr_line' id='line_1_10' title="bbox 506 1040 1807 1113; baseline -0.025 -1"><span class='ocrx_word' id='word_1_27' title='bbox 506 1069 560 1113; x_wconf 79' lang='lat' dir='ltr'><strong>ad</strong></span> <span class='ocrx_word' id='word_1_28' title='bbox 587 1067 869 1109; x_wconf 82' lang='lat' dir='ltr'><strong>humanarum</strong></span> <span class='ocrx_word' id='word_1_29' title='bbox 905 1072 1046 1101; x_wconf 89' lang='lat' dir='ltr'><strong>rerum</strong></span> <span class='ocrx_word' id='word_1_30' title='bbox 1078 1052 1166 1096; x_wconf 84' lang='lat' dir='ltr'>van&#39;</span> <span class='ocrx_word' id='word_1_31' title='bbox 1200 1050 1283 1084; x_wconf 69' lang='lat' dir='ltr'><strong>tem</strong></span> <span class='ocrx_word' id='word_1_32' title='bbox 1311 1040 1619 1097; x_wconf 82' lang='lat' dir='ltr'>explodendam</span> <span class='ocrx_word' id='word_1_33' title='bbox 1639 1073 1648 1091; x_wconf 94' lang='lat'>‚</span> <span class='ocrx_word' id='word_1_34' title='bbox 1677 1053 1807 1097; x_wconf 84' lang='lat' dir='ltr'><strong>quam</strong></span> 
     </span>
    </p>
   </div>
   <div class='ocr_carea' id='block_1_10' title="bbox 506 1133 1239 1187">
    <p class='ocr_par' dir='ltr' id='par_1_10' title="bbox 506 1133 1239 1187">
     <span class='ocr_line' id='line_1_11' title="bbox 506 1133 1239 1187; baseline -0.027 1"><span class='ocrx_word' id='word_1_35' title='bbox 506 1146 558 1187; x_wconf 83' lang='lat' dir='ltr'><strong>ad</strong></span> <span class='ocrx_word' id='word_1_36' title='bbox 587 1142 790 1185; x_wconf 83' lang='lat' dir='ltr'><strong>notandas</strong></span> <span class='ocrx_word' id='word_1_37' title='bbox 819 1138 984 1180; x_wconf 84' lang='lat' dir='ltr'><strong>fabulas</strong></span> <span class='ocrx_word' id='word_1_38' title='bbox 1011 1133 1121 1174; x_wconf 85' lang='lat' dir='ltr'><strong>infer</strong></span> <span class='ocrx_word' id='word_1_39' title='bbox 1154 1135 1239 1161; x_wconf 83' lang='lat' dir='ltr'><strong>Um·</strong></span> 
     </span>
    </p>
   </div>
   <div class='ocr_carea' id='block_1_11' title="bbox 1040 1285 1184 1361">
    <p class='ocr_par' dir='ltr' id='par_1_11' title="bbox 1040 1285 1184 1361">
     <span class='ocr_line' id='line_1_12' title="bbox 1040 1285 1184 1361; baseline -0.028 -20"><span class='ocrx_word' id='word_1_40' title='bbox 1040 1285 1075 1361; x_wconf 16' lang='lat' dir='ltr'><strong>‘s‘</strong></span> <span class='ocrx_word' id='word_1_41' title='bbox 1112 1295 1184 1339; x_wconf 82' lang='lat' dir='ltr'><strong>Vt.</strong></span> 
     </span>
    </p>
   </div>
   <div class='ocr_carea' id='block_1_12' title="bbox 846 1447 1004 1715">
    <p class='ocr_par' dir='ltr' id='par_1_12' title="bbox 846 1447 1004 1715">
     <span class='ocr_line' id='line_1_13' title="bbox 981 1447 1004 1476; baseline 0 2024"><span class='ocrx_word' id='word_1_42' title='bbox 981 1447 1004 1476; x_wconf 95' lang='lat' dir='ltr'><strong> </strong></span> 
     </span>
     <span class='ocr_line' id='line_1_14' title="bbox 889 1601 933 1678; baseline 0 0"><span class='ocrx_word' id='word_1_43' title='bbox 889 1601 933 1678; x_wconf 95' lang='lat' dir='ltr'><strong>   </strong></span> 
     </span>
     <span class='ocr_line' id='line_1_15' title="bbox 846 1678 906 1715; baseline 0 1785"><span class='ocrx_word' id='word_1_44' title='bbox 846 1678 906 1715; x_wconf 95' lang='lat' dir='ltr'><strong> </strong></span> 
     </span>
    </p>
   </div>
   <div class='ocr_carea' id='block_1_13' title="bbox 574 1430 1813 1511">
    <p class='ocr_par' dir='ltr' id='par_1_13' title="bbox 574 1430 1813 1511">
     <span class='ocr_line' id='line_1_16' title="bbox 574 1430 1813 1511; baseline -0.013 -25"><span class='ocrx_word' id='word_1_45' title='bbox 574 1458 758 1511; x_wconf 62' lang='lat' dir='ltr'><strong>Quintus</strong></span> <span class='ocrx_word' id='word_1_46' title='bbox 795 1454 966 1500; x_wconf 59' lang='lat' dir='ltr'><strong>Cicero,</strong></span> <span class='ocrx_word' id='word_1_47' title='bbox 1008 1440 1071 1474; x_wconf 87' lang='lat' dir='ltr'><strong>ost</strong></span> <span class='ocrx_word' id='word_1_48' title='bbox 1098 1446 1287 1488; x_wconf 83' lang='lat' dir='ltr'><strong>pugnam</strong></span> <span class='ocrx_word' id='word_1_49' title='bbox 1324 1430 1616 1473; x_wconf 83' lang='lat' dir='ltr'>Pharsalicam</span> <span class='ocrx_word' id='word_1_50' title='bbox 1646 1438 1687 1470; x_wconf 87' lang='lat' dir='ltr'><strong>et</strong></span> <span class='ocrx_word' id='word_1_51' title='bbox 1716 1430 1813 1470; x_wconf 85' lang='lat' dir='ltr'><strong>reli-</strong></span> 
     </span>
    </p>
   </div>
   <div class='ocr_carea' id='block_1_14' title="bbox 517 1507 1813 1581">
    <p class='ocr_par' dir='ltr' id='par_1_14' title="bbox 517 1507 1813 1581">
     <span class='ocr_line' id='line_1_17' title="bbox 517 1507 1813 1581; baseline -0.025 0"><span class='ocrx_word' id='word_1_52' title='bbox 517 1545 605 1581; x_wconf 86' lang='lat' dir='ltr'><strong>ctos</strong></span> <span class='ocrx_word' id='word_1_53' title='bbox 636 1551 660 1578; x_wconf 81' lang='lat' dir='ltr'>a</span> <span class='ocrx_word' id='word_1_54' title='bbox 691 1534 830 1577; x_wconf 82' lang='lat' dir='ltr'>Marco</span> <span class='ocrx_word' id='word_1_55' title='bbox 855 1529 927 1573; x_wconf 87' lang='lat' dir='ltr'><strong>Cic</strong></span> <span class='ocrx_word' id='word_1_56' title='bbox 976 1525 1028 1552; x_wconf 65' lang='lat'><strong>¹¹⁶</strong></span> <span class='ocrx_word' id='word_1_57' title='bbox 1053 1508 1351 1567; x_wconf 69' lang='lat' dir='ltr'><strong>P⁰¹¹¹P0J³¹¹⁰S</strong></span> <span class='ocrx_word' id='word_1_58' title='bbox 1398 1507 1593 1564; x_wconf 75' lang='lat' dir='ltr'>Improba</span> <span class='ocrx_word' id='word_1_59' title='bbox 1637 1507 1813 1564; x_wconf 83' lang='lat' dir='ltr'><strong>quidem</strong></span> 
     </span>
    </p>
   </div>
   <div class='ocr_carea' id='block_1_15' title="bbox 517 1615 889 1657">
    <p class='ocr_par' dir='ltr' id='par_1_15' title="bbox 517 1615 889 1657">
     <span class='ocr_line' id='line_1_18' title="bbox 517 1615 889 1657; baseline -0.027 0"><span class='ocrx_word' id='word_1_60' title='bbox 517 1617 562 1657; x_wconf 88' lang='lat' dir='ltr'><strong>in</strong></span> <span class='ocrx_word' id='word_1_61' title='bbox 596 1615 771 1656; x_wconf 84' lang='lat' dir='ltr'><strong>fratrem</strong></span> <span class='ocrx_word' id='word_1_62' title='bbox 809 1622 889 1649; x_wconf 92' lang='lat' dir='ltr'><strong>usu</strong></span> 
     </span>
    </p>
   </div>
   <div class='ocr_carea' id='block_1_16' title="bbox 526 1688 1817 1797">
    <p class='ocr_par' dir='ltr' id='par_1_16' title="bbox 526 1688 1817 1797">
     <span class='ocr_line' id='line_1_19' title="bbox 526 1688 843 1734; baseline -0.019 0"><span class='ocrx_word' id='word_1_63' title='bbox 526 1688 767 1734; x_wconf 82' lang='lat' dir='ltr'><strong>offensionis</strong></span> <span class='ocrx_word' id='word_1_64' title='bbox 794 1700 843 1728; x_wconf 85' lang='lat' dir='ltr'><strong>ca</strong></span> 
     </span>
     <span class='ocr_line' id='line_1_20' title="bbox 838 1741 1817 1797; baseline -0.001 -14"><span class='ocrx_word' id='word_1_65' title='bbox 838 1743 978 1784; x_wconf 79' lang='lat' dir='ltr'><strong>fratris</strong></span> <span class='ocrx_word' id='word_1_66' title='bbox 1017 1742 1081 1783; x_wconf 92' lang='lat' dir='ltr'><strong>sui</strong></span> <span class='ocrx_word' id='word_1_67' title='bbox 1109 1741 1304 1796; x_wconf 84' lang='lat' dir='ltr'><strong>periculo</strong></span> <span class='ocrx_word' id='word_1_68' title='bbox 1342 1743 1536 1797; x_wconf 82' lang='lat' dir='ltr'><strong>propriae</strong></span> <span class='ocrx_word' id='word_1_69' title='bbox 1569 1742 1684 1797; x_wconf 81' lang='lat' dir='ltr'><strong>apud</strong></span> <span class='ocrx_word' id='word_1_70' title='bbox 1712 1742 1817 1784; x_wconf 83' lang='lat' dir='ltr'><strong>Cae-</strong></span> 
     </span>
    </p>
   </div>
   <div class='ocr_carea' id='block_1_17' title="bbox 910 1585 1818 1722">
    <p class='ocr_par' dir='ltr' id='par_1_17' title="bbox 910 1585 1818 1722">
     <span class='ocr_line' id='line_1_21' title="bbox 935 1585 1815 1640; baseline -0.005 -10"><span class='ocrx_word' id='word_1_71' title='bbox 935 1596 971 1630; x_wconf 90' lang='lat' dir='ltr'><strong>st</strong></span> <span class='ocrx_word' id='word_1_72' title='bbox 998 1587 1251 1639; x_wconf 84' lang='lat' dir='ltr'><strong>acerbitate,</strong></span> <span class='ocrx_word' id='word_1_73' title='bbox 1284 1595 1573 1629; x_wconf 79' lang='lat' dir='ltr'><strong>verumtamen</strong></span> <span class='ocrx_word' id='word_1_74' title='bbox 1606 1594 1648 1628; x_wconf 86' lang='lat' dir='ltr'><strong>et</strong></span> <span class='ocrx_word' id='word_1_75' title='bbox 1676 1585 1815 1640; x_wconf 75' lang='lat' dir='ltr'><strong>just-is</strong></span> 
     </span>
     <span class='ocr_line' id='line_1_22' title="bbox 910 1663 1818 1722; baseline -0.002 -17"><span class='ocrx_word' id='word_1_76' title='bbox 910 1680 927 1706; x_wconf 88' lang='lat' dir='ltr'><strong>s</strong></span> <span class='ocrx_word' id='word_1_77' title='bbox 950 1664 1132 1715; x_wconf 85' lang='lat' dir='ltr'><strong>habuit,</strong></span> <span class='ocrx_word' id='word_1_78' title='bbox 1164 1678 1305 1720; x_wconf 86' lang='lat' dir='ltr'><strong>neque</strong></span> <span class='ocrx_word' id='word_1_79' title='bbox 1337 1665 1381 1706; x_wconf 86' lang='lat' dir='ltr'><strong>id</strong></span> <span class='ocrx_word' id='word_1_80' title='bbox 1414 1665 1549 1722; x_wconf 81' lang='lat' dir='ltr'><strong>egisse</strong></span> <span class='ocrx_word' id='word_1_81' title='bbox 1577 1663 1818 1706; x_wconf 75' lang='lat' dir='ltr'><strong>censendus</strong></span> 
     </span>
    </p>
   </div>
   <div class='ocr_carea' id='block_1_18' title="bbox 526 1772 1088 1892">
    <p class='ocr_par' dir='ltr' id='par_1_18' title="bbox 526 1772 1088 1892">
     <span class='ocr_line' id='line_1_23' title="bbox 526 1772 955 1829; baseline -0.019 -18"><span class='ocrx_word' id='word_1_82' title='bbox 526 1777 615 1820; x_wconf 90' lang='lat' dir='ltr'><strong>est,</strong></span> <span class='ocrx_word' id='word_1_83' title='bbox 651 1775 700 1808; x_wconf 88' lang='lat' dir='ltr'><strong>ut</strong></span> <span class='ocrx_word' id='word_1_84' title='bbox 738 1772 822 1807; x_wconf 58' lang='lat' dir='ltr'><strong>cuv*</strong></span> <span class='ocrx_word' id='word_1_85' title='bbox 946 1820 955 1829; x_wconf 50' lang='grc'><strong><em>.</em></strong></span> 
     </span>
     <span class='ocr_line' id='line_1_24' title="bbox 528 1828 1088 1892; baseline -0.016 -20"><span class='ocrx_word' id='word_1_86' title='bbox 528 1863 663 1892; x_wconf 62' lang='lat' dir='ltr'><strong>sarem</strong></span> <span class='ocrx_word' id='word_1_87' title='bbox 695 1837 784 1888; x_wconf 59' lang='lat' dir='ltr'><strong>salal</strong></span> <span class='ocrx_word' id='word_1_88' title='bbox 815 1828 1088 1879; x_wconf 80' lang='lat' dir='ltr'><strong>prospiceret.</strong></span> 
     </span>
    </p>
   </div>
   <div class='ocr_carea' id='block_1_19' title="bbox 515 1998 1818 2272">
    <p class='ocr_par' dir='ltr' id='par_1_19' title="bbox 515 1998 1802 2272">
     <span class='ocr_line' id='line_1_25' title="bbox 650 1998 1208 2050; baseline -0.005 -10"><span class='ocrx_word' id='word_1_89' title='bbox 650 2047 652 2050; x_wconf 92' lang='lat'>.</span> <span class='ocrx_word' id='word_1_90' title='bbox 1114 1998 1208 2040; x_wconf 87' lang='lat' dir='ltr'><strong>Vll.</strong></span> 
     </span>
     <span class='ocr_line' id='line_1_26' title="bbox 609 2057 645 2122; baseline 0 0"><span class='ocrx_word' id='word_1_91' title='bbox 609 2057 645 2122; x_wconf 58' lang='lat' dir='ltr'><strong>dl!</strong></span> 
     </span>
     <span class='ocr_line' id='line_1_27' title="bbox 557 2125 1818 2206; baseline 0 -29"><span class='ocrx_word' id='word_1_92' title='bbox 557 2125 729 2206; x_wconf 54' lang='lat' dir='ltr'><strong>fscero,</strong></span> <span class='ocrx_word' id='word_1_93' title='bbox 761 2136 870 2177; x_wconf 89' lang='lat' dir='ltr'><strong>ubi&#39;</strong></span> <span class='ocrx_word' id='word_1_94' title='bbox 860 2151 905 2176; x_wconf 87' lang='lat'><strong>111</strong></span> <span class='ocrx_word' id='word_1_95' title='bbox 931 2136 1134 2178; x_wconf 80' lang='lat' dir='ltr'><strong>Oratione</strong></span> <span class='ocrx_word' id='word_1_96' title='bbox 1160 2149 1236 2192; x_wconf 87' lang='lat' dir='ltr'><strong>pro</strong></span> <span class='ocrx_word' id='word_1_97' title='bbox 1271 2136 1468 2189; x_wconf 78' lang='lat' dir='ltr'><strong>Murena,</strong></span> <span class='ocrx_word' id='word_1_98' title='bbox 1496 2150 1533 2177; x_wconf 86' lang='lat' dir='ltr'><strong>c.</strong></span> <span class='ocrx_word' id='word_1_99' title='bbox 1560 2136 1699 2177; x_wconf 85' lang='lat' dir='ltr'>XXIX</span> <span class='ocrx_word' id='word_1_100' title='bbox 1724 2149 1818 2194; x_wconf 89' lang='lat' dir='ltr'><strong>sqq.</strong></span> 
     </span>
     <span class='ocr_line' id='line_1_28' title="bbox 515 2213 1818 2272; baseline -0.002 -17"><span class='ocrx_word' id='word_1_101' title='bbox 515 2215 666 2272; x_wconf 60' lang='lat' dir='ltr'><strong>stoicae</strong></span> <span class='ocrx_word' id='word_1_102' title='bbox 693 2214 861 2255; x_wconf 84' lang='lat' dir='ltr'><strong>Catonis</strong></span> <span class='ocrx_word' id='word_1_103' title='bbox 891 2214 1101 2255; x_wconf 83' lang='lat' dir='ltr'><strong>severitati</strong></span> <span class='ocrx_word' id='word_1_104' title='bbox 1129 2213 1301 2262; x_wconf 82' lang='lat' dir='ltr'><strong>illudit,</strong></span> <span class='ocrx_word' id='word_1_105' title='bbox 1332 2228 1378 2255; x_wconf 82' lang='lat' dir='ltr'><strong>ea</strong></span> <span class='ocrx_word' id='word_1_106' title='bbox 1413 2214 1673 2268; x_wconf 88' lang='lat' dir='ltr'><strong>potissimum</strong></span> <span class='ocrx_word' id='word_1_107' title='bbox 1690 2213 1818 2262; x_wconf 81' lang='lat' dir='ltr'><strong>dicit,</strong></span> 
     </span>
    </p>
   </div>
   <div class='ocr_carea' id='block_1_20' title="bbox 499 2290 1553 2349">
    <p class='ocr_par' dir='ltr' id='par_1_20' title="bbox 499 2290 1553 2349">
     <span class='ocr_line' id='line_1_29' title="bbox 499 2290 1553 2349; baseline -0.002 -15"><span class='ocrx_word' id='word_1_108' title='bbox 499 2307 609 2349; x_wconf 79' lang='lat' dir='ltr'><strong>quae</strong></span> <span class='ocrx_word' id='word_1_109' title='bbox 644 2306 790 2349; x_wconf 82' lang='lat' dir='ltr'>reapse</span> <span class='ocrx_word' id='word_1_110' title='bbox 818 2299 859 2334; x_wconf 87' lang='lat' dir='ltr'><strong>et</strong></span> <span class='ocrx_word' id='word_1_111' title='bbox 882 2290 981 2345; x_wconf 88' lang='lat' dir='ltr'><strong>jure</strong></span> <span class='ocrx_word' id='word_1_112' title='bbox 1011 2291 1055 2332; x_wconf 91' lang='lat' dir='ltr'><strong>in</strong></span> <span class='ocrx_word' id='word_1_113' title='bbox 1090 2292 1247 2334; x_wconf 80' lang='lat' dir='ltr'><strong>Catone</strong></span> <span class='ocrx_word' id='word_1_114' title='bbox 1273 2291 1553 2348; x_wconf 86' lang='lat' dir='ltr'><strong>improbabat.</strong></span> 
     </span>
    </p>
   </div>
   <div class='ocr_carea' id='block_1_21' title="bbox 1113 2468 1226 2511">
    <p class='ocr_par' dir='ltr' id='par_1_21' title="bbox 1113 2468 1226 2511">
     <span class='ocr_line' id='line_1_30' title="bbox 1113 2468 1226 2511; baseline -0.018 1"><span class='ocrx_word' id='word_1_115' title='bbox 1113 2468 1226 2511; x_wconf 89' lang='lat' dir='ltr'>V111.</span> 
     </span>
    </p>
   </div>
   <div class='ocr_carea' id='block_1_22' title="bbox 498 2602 1824 2820">
    <p class='ocr_par' dir='ltr' id='par_1_22' title="bbox 498 2602 1824 2820">
     <span class='ocr_line' id='line_1_31' title="bbox 556 2602 1822 2662; baseline -0.001 -13"><span class='ocrx_word' id='word_1_116' title='bbox 556 2604 727 2657; x_wconf 86' lang='lat' dir='ltr'><strong>Cicero,</strong></span> <span class='ocrx_word' id='word_1_117' title='bbox 761 2611 806 2647; x_wconf 85' lang='lat' dir='ltr'><strong>ut</strong></span> <span class='ocrx_word' id='word_1_118' title='bbox 838 2604 881 2648; x_wconf 88' lang='lat' dir='ltr'><strong>in</strong></span> <span class='ocrx_word' id='word_1_119' title='bbox 903 2602 1164 2662; x_wconf 87' lang='lat' dir='ltr'><strong>philosophis</strong></span> <span class='ocrx_word' id='word_1_120' title='bbox 1191 2604 1358 2662; x_wconf 88' lang='lat' dir='ltr'><strong>scriptis</strong></span> <span class='ocrx_word' id='word_1_121' title='bbox 1387 2604 1682 2650; x_wconf 83' lang='lat' dir='ltr'><strong>Academieam</strong></span> <span class='ocrx_word' id='word_1_122' title='bbox 1705 2606 1822 2651; x_wconf 89' lang='lat' dir='ltr'><strong>illam</strong></span> 
     </span>
     <span class='ocr_line' id='line_1_32' title="bbox 498 2684 1824 2742; baseline 0.002 -17"><span class='ocrx_word' id='word_1_123' title='bbox 498 2685 842 2739; x_wconf 85' lang='lat' dir='ltr'><strong>probabilitatem</strong></span> <span class='ocrx_word' id='word_1_124' title='bbox 854 2684 1140 2742; x_wconf 86' lang='lat' dir='ltr'><strong>profiteretur,</strong></span> <span class='ocrx_word' id='word_1_125' title='bbox 1154 2699 1239 2726; x_wconf 88' lang='lat' dir='ltr'><strong>non</strong></span> <span class='ocrx_word' id='word_1_126' title='bbox 1256 2691 1294 2727; x_wconf 83' lang='lat' dir='ltr'><strong>ta</strong></span> <span class='ocrx_word' id='word_1_127' title='bbox 1352 2686 1578 2729; x_wconf 84' lang='lat' dir='ltr'><strong>Carneadis</strong></span> <span class='ocrx_word' id='word_1_128' title='bbox 1589 2686 1824 2729; x_wconf 81' lang='lat' dir='ltr'><strong>rationibus</strong></span> 
     </span>
     <span class='ocr_line' id='line_1_33' title="bbox 499 2699 1822 2820; baseline 0.001 -17"><span class='ocrx_word' id='word_1_129' title='bbox 499 2763 652 2806; x_wconf 80' lang='lat' dir='ltr'><strong>ductus</strong></span> <span class='ocrx_word' id='word_1_130' title='bbox 684 2764 791 2815; x_wconf 84' lang='lat' dir='ltr'><strong>fuit,</strong></span> <span class='ocrx_word' id='word_1_131' title='bbox 831 2777 959 2819; x_wconf 82' lang='lat' dir='ltr'>quam</span> <span class='ocrx_word' id='word_1_132' title='bbox 991 2769 1161 2806; x_wconf 83' lang='lat' dir='ltr'><strong>coactus</strong></span> <span class='ocrx_word' id='word_1_133' title='bbox 1191 2699 1527 2820; x_wconf 53' lang='lat' dir='ltr'><strong>disoastelpantibus</strong></span> <span class='ocrx_word' id='word_1_134' title='bbox 1559 2765 1822 2809; x_wconf 85' lang='lat' dir='ltr'><strong>Graecorum</strong></span> 
     </span>
    </p>
   </div>
  </div>
 </body>
</html>
