2154 3500
1095 295 1151 338 66

470 442 601 472 «rum
626 426 744 487 quod
768 425 1020 469 facillimam
1051 432 1093 469 et
1117 425 1329 469 declivem
1356 428 1468 471 viam
1491 429 1726 488 elegistis.»
1748 445 1760 468 ι

522 506 619 559 Quo
641 505 784 547 animo
811 503 1025 546 Lucianus
1048 503 1103 546 ab
1129 504 1231 546 artis
1257 504 1438 546 aemulis
1458 520 1503 548 se
1528 507 1620 563 ipse
1649 522 1795 566 segre-

458 584 623 642 gaverit
651 598 701 625 ex
723 583 856 634 hisce,
878 583 923 624 ni
941 582 1082 635 fallor,
1102 590 1304 639 apparet3
1334 583 1498 625 meritis
1529 584 1616 627 suis
1637 585 1682 628 id
1706 587 1792 628 for-

456 669 586 705 tunae
627 660 834 718 adeptus,
878 660 996 718 quod
1036 659 1213 703 honesto
1249 661 1335 703 otio
1368 660 1611 714 sufficeret,
1653 664 1793 706 noluit

457 740 642 797 amplius
676 739 882 799 progredi
910 739 956 783 in
982 739 1150 791 studio,
1179 738 1296 796 quod
1316 747 1401 783 tam
1430 740 1601 784 facilem
1629 741 1793 786 aditum

456 818 644 864 habebat
676 816 951 867 hominibus.
990 817 1067 876 qui
1102 817 1323 861 literarum
1364 817 1792 879 laudem‚'neglect=i

454 898 676 941 doctrinae
721 897 936 954 elegantia
980 896 1263 950 affectabant3
1298 912 1379 941 nec
1418 898 1624 941 imitando
1658 900 1792 941 malas

457 990 608 1019 eorum
645 983 756 1017 artes
793 989 1010 1026 moresve,
1041 973 1293 1031 aequalibus
1327 975 1454 1018 armis
1485 989 1584 1018 cum
1612 976 1702 1019 istis
1736 975 1791 1019 de

456 1054 587 1097 laude
619 1054 699 1096 sibi
730 1051 981 1096 certandum
1009 1052 1190 1108 putavit.

515 1132 660 1185 Quum
700 1144 796 1172 vero
827 1129 1044 1171 videamus
1071 1143 1201 1185 quam
1235 1129 1407 1185 copiose
1440 1138 1482 1173 et
1517 1130 1790 1175 vehementer

454 1225 525 1254 eos
551 1217 667 1261 tum,
700 1221 835 1266 quum
865 1208 921 1250 ab
957 1208 1009 1249 iis
1040 1207 1159 1263 abit,
1186 1206 1341 1249 illudat
1365 1207 1493 1249 simul
1519 1216 1561 1251 et
1585 1209 1787 1262 irrideat,

454 1288 638 1331 dubium
668 1302 756 1330 esse
793 1301 880 1329 non
900 1293 1063 1342 potest,
1095 1284 1202 1342 quin
1225 1285 1316 1341 ipsa
1334 1285 1576 1343 indignatio
1595 1319 1606 1338 ,
1624 1300 1710 1343 qua
1718 1287 1789 1342 ju·

455 1367 572 1411 venis
595 1365 828 1409 immeritos
848 1364 1024 1408 illorum
1047 1377 1266 1407 successus
1283 1362 1445 1421 tulerit,
1456 1363 1637 1408 mirifice
1658 1365 1789 1408 fuerit

454 1445 600 1488 efficax
626 1443 680 1486 ad
709 1442 977 1486 excitandam
1003 1449 1046 1485 et
1074 1441 1410 1484 confirmandam
1437 1443 1653 1499 propriam
1671 1443 1788 1485 illam

456 1523 623 1581 ingenii
653 1520 927 1572 facultatem,
961 1534 1048 1576 qua
1083 1519 1251 1561 matura
1281 1527 1422 1562 aetate
1452 1521 1685 1577 aliquando
1721 1535 1789 1563 re-

456 1599 693 1663 prehensor
723 1598 789 1640 sui
814 1596 976 1639 saeculi
996 1596 1169 1640 exstitit.

514 1678 664 1735 Neque
693 1684 833 1719 tamen
858 1674 1076 1718 rhetorum
1100 1676 1354 1731 perversitas
1376 1676 1505 1720 unica
1519 1691 1667 1720 caussa
1680 1677 1785 1731 fuit,

455 1771 534 1799 cur
571 1756 785 1797 Lucianus
826 1754 873 1796 in
920 1752 1149 1811 sophistica
1189 1754 1451 1809 professione
1483 1767 1788 1799 consenescere

453 1836 657 1879 noluerit.
691 1835 920 1891 Postquam
948 1832 995 1875 in
1014 1830 1106 1875 Biae
1121 1830 1348 1875 Accusata
1372 1841 1623 1889 exposuerat
1649 1848 1786 1890 quan-

455 1921 547 1957 tum
582 1912 789 1955 adulteris
830 1911 917 1953 suis
956 1908 1171 1953 rhetorica
1218 1910 1464 1962 tribuisset,
1508 1925 1603 1954 mox
1630 1911 1783 1954 ‘addin

460 1992 792 2047 «Quamquam,
820 1989 854 2032 si
873 1988 942 2031 vel
962 1986 1071 2031 nihil
1101 1987 1309 2043 ejusmodi
1335 1988 1390 2031 ab
1409 1988 1459 2031 ea
1486 1995 1629 2032 actum
1651 1996 1784 2041 esset,

459 2068 825 2111 «concedendum
852 2074 996 2108 tamen
1019 2064 1126 2108 mihi
1156 2074 1246 2108 erat
1262 2099 1273 2118 ,
1307 2066 1472 2108 homini
1499 2067 1787 2124 quadraginta

461 2148 588 2190 «fere
620 2161 754 2189 annos
781 2153 908 2197 nato,
940 2159 965 2186 a
995 2145 1250 2188 tumultibus
1280 2146 1365 2188 illis
1396 2152 1438 2188 et
1467 2144 1615 2189 litibus
1643 2146 1786 2189 disce-

459 2226 604 2269 «dere
642 2233 683 2268 et
717 2224 941 2282 quiescere
969 2224 1058 2280 pati
1084 2222 1281 2279 judices3
1325 2225 1598 2281 evitatisque
1626 2232 1785 2282 tyran-

457 2320 481 2347 «
495 2317 662 2347 norum
683 2301 1050 2346 accusationibus
1061 2308 1103 2345 et
1120 2301 1331 2347 laudibus
1349 2305 1557 2347 virorum
1563 2302 1783 2361 fortium,

457 2398 480 2425 «
497 2381 842 2425 in'Academiam
868 2389 942 2424 aut
966 2382 1152 2440 Lyceum
1179 2381 1371 2441 ingredi;
1392 2382 1540 2440 ibique
1557 2396 1657 2425 cum
1674 2384 1784 2440 opti-

458 2476 480 2502 «
497 2476 566 2504 mo
607 2461 689 2504 hoc
719 2460 901 2518 Dialogo
933 2461 1199 2504 inambulare
1223 2460 1393 2518 placide
1417 2463 1703 2518 disputantem
1719 2464 1779 2506 ².»

453 2542 506 2583 Et
559 2542 693 2596 ipsam
736 2540 942 2583 nimirum
986 2539 1238 2596 sophisticae
1285 2541 1538 2597 disciplinae
1587 2549 1782 2584 naturam

501 2728 514 2750 ¹
540 2725 631 2758 Rhet.
652 2727 756 2759 praec.
775 2738 803 2758 c.
824 2725 885 2764 263
911 2727 995 2760 oonf.
1016 2738 1085 2759 cum
1104 2726 1154 2758 his
1170 2737 1253 2767 supr.
1272 2728 1357 2760 laud.
1379 2729 1439 2760 loc.
1458 2728 1571 2760 Pisoat.
1589 2739 1617 2759 c.
1637 2725 1691 2759 29.

500 2791 515 2811 ²
542 2792 592 2823 Bis
619 2792 726 2823 Aecus.
746 2805 772 2823 c.
795 2791 847 2823 32.
