2154 3500
1050 303 1103 345 40

410 431 618 473 sententia
649 431 913 486 potissimum
946 432 1105 473 formae
1140 433 1368 485 inservia13
1411 435 1454 477 in
1492 450 1577 493 qua
1617 436 1740 479 adun

412 508 551 550 nanda
574 521 654 563 pro
680 507 1005 564 sophisticarum
1021 510 1242 552 literarum
1264 510 1428 561 indole,
1463 516 1743 570 praecipuum

410 586 627 641 scriptoris
651 586 876 628 eonsilium
901 587 1059 642 expleri
1081 587 1259 630 videtur.

470 666 620 722 Neque
652 680 701 706 eo
723 664 891 719 judicio
918 666 1046 721 plane
1072 666 1317 708 eximendus
1347 674 1409 709 est
1432 667 1565 718 alter,
1613 682 1743 723 quern

408 742 587 785 diximus
601 776 613 795 ‚
646 742 773 793 liber,
793 742 1083 785 Anacharsis
1103 743 1347 799 inscriptus.
1382 743 1590 801 Gymnica
1613 746 1742 795 ratio,

408 835 537 879 quam
568 821 698 863 Solon
731 823 776 863 in
812 837 861 864 eo
901 822 1117 878 colloquio
1146 821 1289 864 Attica
1311 836 1410 863 cum
1434 822 1675 865 urbanitate
1703 832 1744 864 et

407 899 546 942 ironia
582 898 756 941 miranti
792 899 883 955 ejus
914 900 1219 942 absurditatem
1251 900 1452 958 Scythico
1481 899 1637 956 hospiti
1674 916 1743 942 ex-

409 979 556 1034 ponit,
589 979 766 1020 Luciani
810 986 1001 1034 tempore
1041 979 1100 1020 ita
1128 978 1459 1036 degeneraverat
1482 987 1525 1021 et
1547 979 1593 1020 in
1607 977 1744 1021 athle-

406 1059 535 1097 ticam
588 1057 776 1112 ahierat‚
830 1064 877 1098 ut
919 1058 1137 1112 pristinam
1182 1057 1275 1113 ejus
1316 1066 1514 1099 naturam
1555 1057 1682 1097 multi
1721 1072 1743 1097 e

407 1136 584 1177 Graecis
601 1134 692 1188 jam
723 1149 877 1189 parum
905 1135 1269 1191 adsequerentur,
1304 1135 1411 1190 quin
1438 1135 1523 1176 imo
1554 1136 1744 1190 aequalis

407 1213 540 1255 nostri
555 1213 746 1256 Galenus
763 1215 1005 1255 universam
1028 1213 1326 1269 palaestricam
1343 1219 1477 1255 artem
1498 1212 1596 1255 data
1614 1227 1741 1269 opera

405 1291 673 1333 acerbissime
715 1292 1051 1349 impugnandam
1091 1292 1305 1333 censuerit
1355 1299 1382 1332 ¹.
1446 1291 1539 1332 Non
1584 1291 1741 1345 impro-

405 1369 557 1411 babilis
594 1369 696 1411 inde
729 1369 874 1425 opinio
905 1373 919 1396 ²
951 1376 1041 1421 est,
1075 1369 1119 1411 in
1152 1368 1373 1411 crebriore
1404 1368 1495 1423 ejus
1518 1385 1523 1387 >
1543 1368 1743 1410 materiae

406 1448 745 1504 disceptatione,
795 1462 925 1504 quam
965 1447 1146 1502 hujusce
1194 1448 1353 1503 scripta
1397 1446 1513 1503 apud
1560 1446 1743 1489 Graecos

408 1527 702 1577 suscitassent,
719 1526 909 1568 Luciauo
939 1526 1302 1581 opportunitatem
1321 1524 1523 1567 exstitisse
1542 1557 1552 1574 ‚
1588 1535 1635 1566 ut
1662 1523 1743 1565 har

407 1604 698 1660 disputatione
742 1603 926 1645 rationes
978 1609 1358 1652 commonstraret‚
1405 1603 1562 1658 quibus
1596 1611 1738 1658 'aequa

408 1683 499 1737 ejus
523 1682 777 1736 dijudicatio
802 1682 984 1723 maxime
1012 1682 1179 1722 institui
1206 1689 1363 1735 posset.
1384 1683 1436 1722 Et
1466 1697 1565 1723 saue
1582 1689 1742 1738 quanto

406 1760 669 1817 praeclarius
695 1759 909 1802 Lucianus
934 1772 1063 1815 quam
1080 1758 1214 1814 ipsius
1241 1758 1441 1815 aequales
1465 1773 1514 1800 ea
1533 1759 1574 1800 in
1594 1774 1739 1801 caussa

404 1840 556 1882 veteris
586 1839 678 1882 aevi
702 1839 889 1879 indolem
930 1837 1196 1892 perspexerit
1237 1837 1413 1895 egregio
1442 1836 1512 1877 hie
1533 1836 1643 1878 liber
1669 1837 1739 1878 do*

404 1925 605 1960 cumento
640 1925 716 1959 est.

463 1995 661 2051 Corporis
689 1993 1036 2037 exercitationem
1056 2008 1103 2035 ex
1131 1993 1221 2048 ipsa
1251 1994 1442 2037 Graecae
1474 1993 1743 2050 antiquitatis

401 2114 410 2119 .
418 2110 522 2119 ,δᾶ-
534 2113 640 2118 *4—
647 2113 826 2118 ....----.—

403 2192 593 2222 celebrarent
610 2201 702 2230 quam
720 2191 787 2231 ejus
804 2199 896 2229 opera
916 2197 1121 2231 praestarent,
1140 2202 1204 2223 non
1223 2193 1390 2232 comparari
1409 2193 1441 2224 id
1458 2199 1555 2233 potest
1574 2204 1642 2225 eum
1661 2206 1723 2225 ac-ei

402 2251 499 2281 bitate
510 2272 518 2287 ,
545 2259 605 2290 qua
631 2253 735 2287 postea
753 2247 825 2278 Luc.
848 2247 880 2278 in
897 2259 943 2287 pr.
959 2248 991 2278 in
1009 2249 1203 2288 Philo-«sophis
1221 2250 1393 2280 mendacem
1405 2249 1556 2281 amicitiae
1574 2252 1701 2290 speciem
1713 2259 1739 2281 vt

405 2291 697 2336 commendationem
715 2303 835 2333 notavit
855 2303 955 2346 (conf.
977 2304 1057 2336 Pisc.
1076 2303 1136 2345 35,
1160 2303 1220 2342 363
1250 2305 1374 2342 Timon,
1394 2318 1420 2336 c.
1441 2304 1506 2347 56,
1525 2306 1590 2343 57;
1609 2306 1724 2337 Iearom

402 2374 427 2392 r.
455 2360 512 2401 31)
527 2384 535 2398 ,
578 2366 608 2389 et
635 2359 785 2398 Mnesippi
816 2360 981 2397 disputatio
1013 2372 1079 2391 eam
1105 2361 1199 2400 ipsam
1227 2361 1487 2400 reprehensionem
1518 2363 1680 2402 redarguit.
1716 2365 1737 2394 E

398 2416 500 2448 libelli
521 2415 629 2447 habitu
649 2421 679 2446 et
696 2425 713 2446 e
734 2426 759 2448 c.
794 2413 834 2455 9,
862 2414 908 2448 Cl.
935 2415 1060 2446 Geelius
1085 2416 1221 2458 colligit:
1243 2416 1506 2448 Lue.ridereillos
1517 2416 1712 2458 philosophos
1725 2443 1732 2450 .

398 2474 451 2512 qui
470 2474 570 2503 sterili
592 2473 728 2502 oratione
743 2483 843 2511 neque
861 2473 1065 2510 exemplorum
1085 2474 1253 2504 luminibus
1269 2475 1404 2513 illustri,
1420 2475 1457 2504 de
1480 2475 1642 2505 amicorum
1663 2477 1730 2505 olli--

398 2530 454 2560 viis
471 2534 630 2570 praecepta
646 2528 764 2560 darent.
791 2527 874 2562 Bibl.
897 2527 972 2559 Crit.
990 2527 1067 2560 Nov.
1088 2528 1160 2562 vol.
1177 2528 1233 2571 11,
1252 2540 1281 2569 p.
1305 2528 1381 2561 114.

444 2604 455 2627 ¹
483 2607 572 2637 Cous.
609 2604 727 2646 Pauly,
756 2603 878 2645 proleg.
905 2604 938 2635 in
967 2603 999 2634 h.
1034 2604 1106 2635 libr.
1139 2604 1211 2636 edit.
1244 2616 1273 2645 p.
1304 2604 1399 2636 XVII
1421 2615 1488 2646 sqq.
1526 2606 1663 2638 Galenus
1693 2608 1730 2638 ad

398 2661 536 2701 Thrasyl.
554 2674 580 2692 c.
600 2661 639 2692 1ss
655 2679 691 2685 -
706 2660 880 2692 σκάπτειν
910 2660 973 2692 καὶ
997 2661 1162 2705 θερίζειν
1190 2674 1223 2696 κ.
1248 2674 1282 2694 τ.
1316 2661 1346 2693 λ.
1376 2663 1520 2695 ἅπαντά
1552 2676 1593 2697 τε
1616 2664 1731 2697 τᾶλλα

399 2715 493 2746 κατὰ
518 2715 620 2753 (ρι”σιν
646 2714 865 2756 ἐργάζεσθαι
886 2719 1049 2758 κρεῖττον
1074 2715 1095 2756 ἢ
1117 2715 1210 2746 κατὰ
1228 2715 1453 2762 παλαίστραν
1470 2720 1728 2762 γυμνάζεσθαι,

443 2791 456 2812 ²
488 2790 642 2820 &violandi
657 2813 665 2829 ,
692 2789 746 2819 Th.
770 2788 832 2829 IV,
850 2790 879 2819 S.
903 2788 969 2820 233
988 2800 1061 2830 seqq
1100 2801 1188 2829 quem
1210 2792 1345 2831 seqnitur
1368 2792 1466 2823 [elim.
1489 2794 1519 2824 in
1543 2795 1595 2824 tib,
1618 2806 1676 2831 arg.
