2154 3500
1051 272 1101 312 15

414 398 520 439 dixit
548 410 583 437 ¹:
622 410 785 452 «quam
822 397 947 438 multi
989 396 1204 450 homines,
1238 399 1315 454 qui
1344 405 1467 441 antea
1495 397 1602 439 nihil
1632 399 1734 439 suis-

408 483 501 517 sent
519 507 531 526 ‚
565 489 643 530 per
673 475 791 517 illam
816 475 981 517 nobiles
1013 482 1056 517 et
1082 475 1233 517 divites
1254 484 1296 519 et
1318 491 1398 532 per
1423 477 1570 518 Jovem
1603 491 1733 534 gene-

408 551 609 595 rosissimi
627 552 915 596 viderentur.»
950 551 1117 607 Quibus
1131 560 1272 596 autem
1289 553 1470 597 maxime
1485 567 1584 595 usus
1603 553 1735 595 fuerit

407 629 644 672 studiorum
665 631 1057 687 opportunitatibus
1076 645 1248 686 prorsus
1273 632 1532 690 ignoramus.
1565 632 1733 674 Solum-

407 709 534 751 modo
554 710 803 752 memoravit
822 725 866 752 se
882 717 1137 765 anteaquam
1153 709 1206 751 ad
1223 709 1478 752 rhetoricam
1492 708 1732 760 accederet,

409 785 675 843 aliquamdiu
713 785 881 829 consilii
920 785 1093 842 inopem
1127 785 1243 829 circa
1276 785 1438 829 Ioniam
1481 785 1675 829 oberasse
1698 784 1732 828 ².

409 865 578 908 Nullius
611 865 901 922 praeceptoris
934 864 1224 907 studiorumve
1255 865 1433 907 fautoris
1471 865 1732 907 mentionem

408 944 524 986 fecit.
567 945 716 999 Neque
746 951 922 1000 propter
954 943 1046 998 ejus
1083 949 1380 998 paupertatem
1419 943 1646 985 verisimile
1674 952 1736 985 est

413 1022 452 1064 ei
484 1023 685 1079 obtigisse
714 1031 763 1065 ut
801 1024 847 1065 in
881 1022 1157 1065 illustrissimi
1189 1021 1413 1075 cujusdam
1447 1023 1640 1080 magistri
1670 1023 1734 1067 di-

405 1098 630 1155 sciplinam
652 1099 931 1156 reciperetur.
964 1099 1175 1142 Herodem
1203 1098 1378 1155 quidem
1392 1099 1584 1142 Atticum
1602 1100 1735 1143 hono-

407 1177 526 1220 rifice
572 1178 821 1220 memoravit
873 1184 912 1230 3;
955 1192 1101 1219 verum
1140 1178 1175 1218 si
1212 1178 1323 1221 forte
1361 1178 1436 1220 illo
1469 1179 1735 1221 familiariter

409 1271 508 1299 usus
544 1257 674 1300 fuerit
704 1261 743 1310 ⁴,
789 1272 882 1300 sero
933 1257 1104 1300 demum
1139 1257 1184 1300 id
1216 1257 1378 1301 factum
1415 1258 1613 1311 videtur,
1645 1273 1732 1316 quo

409 1341 598 1391 tempore
626 1335 776 1380 relicta
806 1335 1036 1392 sophistica
1056 1334 1232 1380 Athenis
1259 1337 1531 1381 consedisset.

468 1647 593 1692 Vitae
617 1662 718 1691 suae
740 1646 996 1704 sophisticae
1010 1647 1221 1691 Lucianus
1246 1648 1367 1704 quasi
1388 1662 1560 1691 cursum
1582 1662 1736 1706 quem-

411 1726 508 1768 dam
532 1724 774 1783 designavit
804 1726 848 1766 in
880 1724 970 1766 Bis
988 1724 1238 1776 Accusata,
1272 1725 1347 1766 ubi
1365 1759 1376 1777 ,
1409 1741 1488 1781 per
1517 1727 1734 1769 fictionem

414 1804 581 1859 publici
620 1803 779 1858 judicii
796 1834 807 1855 ,
862 1802 1075 1844 rhetorica
1125 1810 1343 1858 tamquam
1381 1803 1587 1846 derelicta
1629 1819 1736 1846 uxor

408 1881 586 1924 Athenis
623 1884 847 1931 κακώσεως
891 1881 906 1904 ⁵
948 1894 1045 1922 eum
1081 1888 1254 1923 accusat
1287 1887 1417 1938 atque
1454 1881 1514 1924 ita
1553 1882 1737 1924 maxime

639 1960 655 1981 6

410 1961 607 2017 queritur
672 1975 681 2002 :
730 1960 812 2002 «in
852 1960 973 2002 Ionia
1019 1960 1121 2002 olim
1162 1960 1393 2002 admodum
1445 1960 1737 2012 adolescenti,

409 2039 600 2080 oratione
630 2039 848 2079 etiamtum
874 2037 1056 2078 barbaro
1074 2069 1085 2088 ‚
1111 2038 1246 2092 ipsam
1273 2052 1317 2079 se
1354 2037 1669 2093 desponsavisse
1697 2047 1738 2080 et

412 2117 555 2160 dotem
596 2117 635 2159 ei
676 2116 830 2159 multas
875 2123 917 2157 et
961 2113 1233 2158 admirabiles
1271 2114 1480 2158 orationes
1518 2117 1735 2173 attulisse3

555 2237 603 2241 „-
606 2238 608 2240 .
611 2236 788 2244 ---ᾳ-ὴ,

466 2307 481 2328 1
505 2305 543 2337 In
570 2305 697 2338 Rhetor.
724 2306 828 2338 Praec.
849 2319 876 2338 c.
895 2305 927 2339 2.
948 2307 985 2339 de
1003 2306 1184 2348 aequalibus
1204 2306 1367 2347 sophistis:
1391 2305 1515 2340 σκόπει
1541 2307 1631 2349 γοῦν
1650 2306 1741 2341 ὁπό-

411 2370 464 2393 σοι
482 2361 567 2398 τέως
583 2361 697 2404 μηδὲν
713 2360 812 2398 ὄντες
830 2361 966 2399 ἔνδοξοι
989 2363 1052 2394 καὶ
1073 2362 1232 2394 πλούσιοι
1252 2363 1314 2395 καὶ
1331 2365 1376 2405 νὴ
1398 2363 1471 2394 Δία
1490 2362 1741 2404 εὐγενέστατοι

412 2416 544 2454 ἔδοξαν
562 2417 635 2450 ἀπὸ
654 2417 727 2451 τῶν
743 2417 863 2460 λόγων.

460 2481 476 2501 ²
501 2482 555 2512 Bis
573 2481 649 2515 Ace.
672 2493 699 2513 c.
722 2480 777 2513 27.

458 2544 474 2565 ³
500 2544 539 2574 In
553 2544 628 2575 vita
646 2545 773 2576 Demon.
790 2556 817 2576 c.
840 2544 903 2583 24;
927 2546 1011 2577 conf.
1027 2556 1053 2576 c.
1073 2544 1127 2577 33.

457 2607 478 2632 4
499 2608 541 2639 Ut
559 2607 699 2639 stravius
715 2609 862 2649 affirmat,
882 2609 915 2640 in
931 2608 1059 2649 Specim.
1079 2607 1124 2650 11,
1144 2609 1181 2641 de
1200 2609 1271 2640 Luc.
1294 2616 1391 2640 aetate
1408 2615 1436 2640 et
1455 2608 1517 2639 vita
1535 2620 1564 2649 p.
1583 2610 1614 2642 4.

461 2671 475 2693 ⁵
500 2673 552 2704 Bis
570 2671 646 2704 Ace.
663 2684 691 2706 c.
714 2673 769 2704 14.

461 2735 476 2760 ⁸
500 2737 578 2770 Ibid.
594 2749 620 2769 c.
638 2735 681 2770 27
699 2744 728 2769 et
744 2737 798 2770 28.
