2154 3500
1116 274 1173 315 70

553 403 585 444 Ε
613 401 922 444 recentioribus
950 398 1254 450 Wielandue‚
1290 398 1337 440 in
1366 399 1652 457 disputatione
1671 405 1818 448 Germ.

498 479 676 520 versioni
716 477 971 535 praemissa,
1008 477 1145 520 levius
1188 489 1277 518 rem
1324 478 1549 533 tractavit,
1583 482 1817 538 statuitque

492 572 653 599 annum
680 572 722 613 p.
752 555 850 601 Chr.
876 555 1033 602 CXVII
1051 590 1062 609 ,
1090 556 1118 600 i.
1152 571 1190 599 e.
1222 552 1423 597 ultimum
1455 557 1651 614 Trajani,
1681 567 1734 602 ut
1761 574 1820 602 ne

492 634 662 679 Suidae
699 636 963 678 auctoritas
984 650 1185 692 pror-ms
1207 637 1547 694 negligeretur,-
1584 638 1661 680 Th.
1697 639 1739 690 Ι,
1770 639 1818 680 8.

492 715 628 759 XVII.
648 714 981 757 -Prodierunt
1008 713 1093 757 duo
1128 713 1374 757 brevissima
1401 714 1633 769 specimina
1655 715 1712 759 E.
1735 716 1814 758 Ae.

492 790 679 835 Stravit·
692 826 704 845 ,
720 792 775 835 de
800 792 978 835 Luciani
997 800 1134 834 aetate
1151 799 1193 834 et
1213 792 1322 846 vita,
1338 792 1500 836 Gorlic.
1529 794 1640 837 1829
1655 825 1666 845 ,
1688 798 1816 838 1830.

493 871 651 913 Statuit
677 871 750 914 hic
781 887 823 915 a.
851 872 1026 923 CXXX;
1056 886 1080 913 a
1110 871 1266 914 Solano
1284 904 1295 923 ,
1322 879 1371 913 ut
1400 871 1595 923 videtur,
1629 872 1674 914 in
1701 886 1819 915 erro-

492 962 582 988 rem
611 948 829 990 inductus.

552 1027 743 1082 Apparet
781 1040 830 1068 ex
878 1025 1146 1067 Alexandro
1184 1040 1216 1069 s.
1258 1024 1612 1078 Psmdomanti,
1659 1040 1698 1069 c.
1746 1029 1816 1069 56.

493 1103 729 1145 Lucianum
752 1115 852 1144 curn
878 1108 1000 1159 patre
1024 1101 1108 1143 iter
1120 1101 1269 1144 fecisse
1284 1108 1327 1144 et
1345 1102 1524 1145 florente
1537 1109 1674 1146 aetate
1690 1089 1822 1146 fuisse

491 1188 586 1236 post
618 1180 830 1223 Rutiliani
867 1179 1092 1235 cujusdam
1120 1179 1290 1235 nuptias
1328 1192 1429 1222 cum
1467 1179 1554 1223 filia
1588 1179 1820 1222 Alexandri

490 1256 845 1309 Abonotichitae,
887 1271 927 1301 c.
966 1259 1045 1309 54,
1077 1261 1157 1299 55:
1190 1257 1343 1300 obiisse
1369 1263 1512 1299 autem
1546 1256 1664 1298 hunc
1693 1257 1821 1299 Ruti-

491 1337 656 1385 lianum
693 1336 861 1378 decimo
896 1351 1008 1378 anno
1051 1343 1145 1392 post
1177 1336 1348 1391 nuptias
1360 1368 1372 1387 ,
1418 1349 1459 1378 c.
1499 1336 1586 1386 34,
1614 1337 1686 1378 35.
1735 1335 1818 1377 Sed

496 1414 617 1456 nullo
638 1413 740 1468 jure
769 1413 990 1465 Struvius‚
1019 1420 1189 1455 secutus
1213 1412 1259 1455 in
1273 1428 1324 1455 eo
1338 1412 1485 1455 Solani
1502 1411 1821 1455 adnotationem

495 1492 551 1534 ad
576 1492 697 1534 Alex.
728 1505 766 1534 c.
790 1495 847 1534 30
865 1523 875 1540 ‚
905 1491 1084 1533 affirmat
1098 1524 1109 1542 ,
1131 1491 1400 1533 Rutilianum
1420 1489 1573 1532 obiisse
1592 1497 1688 1545 post
1706 1504 1822 1532 mor-

495 1578 581 1613 tem
624 1571 678 1613 M.
724 1569 913 1623 Aurelii,
939 1570 968 1613 i.
997 1584 1034 1614 e.
1065 1576 1161 1626 post
1186 1583 1226 1613 a.
1253 1569 1456 1624 CLXXX,
1479 1581 1596 1625 spec.
1626 1569 1672 1622 I,
1701 1582 1746 1626 p.
1764 1572 1818 1623 33

498 1658 538 1691 et
569 1649 748 1690 Luciani
777 1649 859 1689 iter
885 1650 1015 1690 refert
1050 1648 1104 1690 ad
1132 1663 1170 1689 a.
1202 1648 1345 1691 CLXX
1386 1662 1419 1690 s.
1451 1648 1657 1691 CLXXV:
1694 1649 1820 1702 Spec.

492 1728 537 1779 1,
565 1740 608 1782 p.
641 1728 692 1777 33
724 1726 849 1782 Spec.
879 1726 943 1777 ΙΙ,
977 1739 1022 1781 p.
1054 1727 1106 1778 43
1140 1738 1327 1781 eumque
1357 1739 1407 1768 eo
1433 1731 1627 1781 tempore
1649 1725 1823 1768 circiter

492 1818 625 1845 annos
655 1804 940 1862 quadraginta
972 1811 1120 1847 natum
1149 1803 1278 1845 fuisse
1308 1802 1469 1847 statuit.
1516 1803 1578 1845 De
1604 1804 1817 1846 Rutiliani

492 1890 630 1925 morte
662 1883 800 1924 solum
829 1889 1019 1934 constat,
1056 1897 1149 1925 eam
1179 1882 1386 1924 accidisse
1411 1890 1507 1938 post
1520 1890 1702 1925 mortem
1721 1882 1821 1925 Ale-

492 1960 669 2013 xandri,
700 1960 785 2004 vid.
811 1961 932 2004 Alex.
962 1975 1001 2005 c.
1031 1964 1117 2018 59,
1140 1962 1226 2012 60;
1258 1959 1375 2004 hunc
1405 1969 1548 2005 autem
1578 1961 1731 2005 ultima
1765 1962 1821 2005 M.

494 2039 660 2081 Aurelii
697 2047 890 2096 tempora
930 2039 1120 2098 attigisse
1163 2055 1250 2083 non
1289 2040 1514 2097 probabile
1542 2047 1632 2091 est;
1665 2040 1823 2083 etenim

496 2118 677 2159 decessit
711 2125 808 2160 ante
846 2132 1006 2160 annum
1033 2125 1116 2160 aet.
1138 2118 1275 2173 LXX,
1306 2132 1345 2161 c.
1378 2121 1459 2165 59:
1482 2118 1573 2172 jam
1603 2131 1706 2159 vero
1743 2118 1823 2159 sub

494 2196 713 2239 Antonino
738 2197 813 2239 Pio
842 2195 960 2238 tanta
984 2196 1097 2239 fama
1123 2196 1329 2249 florebat,
1364 2205 1413 2239 ut
1441 2197 1617 2252 publice
1658 2198 1822 2239 nummi

495 2272 757 2316 cuderentur
795 2273 841 2315 in
877 2271 1082 2315 honorem
1122 2271 1214 2329 ejus
1257 2273 1447 2330 oraculi,
1474 2273 1560 2318 vid.
1589 2273 1707 2318 laud.
1744 2287 1816 2330 ap.

492 2352 636 2394 Solan.
661 2351 715 2394 ad
744 2351 866 2394 Alex.
893 2366 931 2394 c.
963 2355 1041 2405 58,
1069 2351 1376 2408 Spanhemius,
1421 2353 1475 2395 de
1502 2353 1591 2394 Usu
1620 2360 1663 2394 et
1691 2353 1819 2394 Prae-

492 2438 615 2472 stant.
650 2431 856 2472 Numism.
883 2446 927 2485 p.
960 2433 1201 2473 176—178.
1245 2432 1338 2472 Imo
1368 2445 1468 2471 vero
1499 2429 1591 2483 jam
1619 2430 1820 2485 proveeta

490 2518 629 2555 aetate
682 2511 793 2562 fuit,
840 2524 975 2568 quum
1015 2509 1107 2566 ejus
1147 2509 1371 2553 oraculum
1421 2509 1608 2565 primum
1659 2509 1821 2552 Romae

449 2574 451 2577 ⁵
490 2589 801 2642 innotesceret,
819 2602 918 2632 nam
937 2595 1028 2633 erat
1049 2595 1142 2632 tum
1155 2586 1400 2630 Rutilianus
1414 2585 1505 2642 jam
1526 2601 1652 2630 senex
1667 2620 1678 2640 ,
1696 2586 1818 2630 Alex.

491 2682 527 2709 c.
557 2671 635 2721 30;
664 2669 741 2726 qui
765 2676 934 2722 tamen,
972 2682 1107 2726 quum
1138 2674 1179 2709 et
1210 2667 1301 2722 ipse
1329 2680 1416 2708 non
1443 2665 1556 2708 ultra
1583 2673 1811 2723 septuage-

487 2749 638 2789 simum
683 2749 830 2792 aetatis
864 2762 1024 2792 annum
1068 2747 1217 2789 vixerit
1257 2762 1294 2790 c.
1330 2746 1415 2797 34,
1453 2745 1695 2787 Alexandro
1730 2743 1813 2785 fuit
