2154 3500
1043 295 1094 335 14

413 424 587 481 publice
615 423 865 465 constitutos
894 420 1145 477 sophisticos
1176 426 1401 475 suggestus
1437 418 1653 462 habebant
1694 431 1733 470 ¹,

404 510 447 544 et
484 509 570 544 tam
611 499 852 543 rhetoribus
906 514 1035 556 quam
1079 495 1341 554 philosophis
1383 511 1471 552 per
1496 499 1737 553 provincias

397 577 585 622 honores
613 585 655 621 et
675 577 826 621 salaria
883 575 1185 620 deferebantur
1203 581 1234 618 ².
1266 573 1463 632 Denique
1492 575 1538 617 in
1564 576 1738 634 quibus-

396 671 482 715 que
511 656 602 698 fere
637 655 946 697 celebrioribus
1002 654 1180 697 urbibus
1214 651 1426 709 sophistae
1467 652 1738 710 eloquentiae

396 734 520 777 ludos
535 733 765 784 habebant,
784 741 827 774 et
851 732 985 775 varias
1036 732 1229 789 regiones
1243 730 1545 786 perlustrantes
1564 729 1737 772 dicendi

396 810 679 854 instituebant
702 810 936 853 certamina
970 810 1033 853 vel
1049 808 1328 871 panegyricas
1347 807 1559 850 orationes
1593 806 1735 850 decla-

397 890 585 933 mabant.
626 888 864 931 Literarum
887 887 993 931 adeo
1023 888 1089 930 illi
1111 887 1239 931 aetati
1261 887 1442 930 maxime
1460 887 1733 944 propriarum

398 968 572 1010 omnino
595 981 728 1022 penes
759 966 965 1023 sophistas
1003 967 1270 1022 principatus
1301 966 1385 1007 fuit
1414 969 1444 1008 ⁸.

1014 1145 1135 1159 -ooe-
1154 1151 1182 1155 Α

1030 1287 1138 1343 ΙΙΙ.

714 1444 767 1475 DE
792 1444 965 1477 LUCIANI
994 1445 1153 1477 STUDIIS
1177 1447 1438 1480 SOPmSTICIs.

464 1585 675 1639 Explicita
709 1583 992 1639 sophistarum
1022 1588 1182 1630 ratione
1216 1598 1258 1631 et
1301 1592 1581 1643 auctoritate,
1613 1593 1739 1634 intel-

404 1661 579 1719 ligimus
618 1675 741 1713 sane,
775 1661 973 1706 debuisse
1009 1672 1158 1720 sponte
1196 1681 1246 1709 eo
1288 1674 1479 1724 tempore
1516 1669 1561 1712 iu
1589 1684 1736 1712 eorum

404 1740 494 1781 fere
516 1746 653 1781 castra
682 1754 726 1781 se
750 1740 943 1795 recipere
971 1756 1136 1793 omnes,
1159 1744 1236 1798 qui
1266 1745 1551 1788 venustiorem
1572 1747 1736 1804 ingenii

400 1818 570 1859 cultum
612 1824 873 1872 expeterent.
922 1819 1156 1862 Lucianum
1199 1821 1245 1863 in
1274 1823 1423 1878 primis
1453 1822 1608 1865 humili
1641 1825 1737 1867 loco

402 1902 545 1937 ortum
574 1910 659 1937 non
686 1903 854 1952 poterat
877 1912 963 1939 non
987 1897 1066 1941 ista
1095 1899 1202 1941 ratio
1227 1899 1502 1943 vehementer
1532 1902 1708 1945 allicere
1726 1937 1737 1954 ‚

402 1987 539 2030 quum
565 1973 945 2028 animadverteret,
978 1977 1095 2032 quod
1129 1992 1206 2033 per
1230 1980 1471 2023 irrisionem
1503 1981 1736 2038 aliquando

449 2146 462 2163 ⁸
486 2140 687 2181 sophisticam
719 2138 840 2180 quidem
868 2137 1042 2169 cathedram
1072 2139 1138 2179 jam
1169 2140 1225 2170 suh
1260 2142 1333 2172 Ant.
1359 2141 1416 2174 Pio
1433 2140 1562 2174 Athenis
1579 2142 1695 2186 fuisse,
1715 2156 1732 2174 a

405 2198 509 2229 Marco
526 2207 600 2227 vero
616 2203 647 2227 et
661 2195 735 2227 huic
754 2201 784 2226 et
801 2195 871 2225 aliis
890 2205 1026 2224 annuum
1048 2194 1236 2234 stipendium
1254 2197 1453 2228 constitutum
1471 2208 1536 2229 esse
1553 2199 1681 2230 efficitur
1695 2210 1733 2231 ex

404 2253 551 2285 Philostr.
572 2252 612 2287 V.
634 2252 665 2283 S.
689 2252 712 2283 l.
726 2250 754 2292 1,
765 2249 826 2291 23,
847 2249 894 2293 §l
910 2274 918 2288 ‚
942 2261 973 2290 p.
985 2248 1051 2282 526
1063 2274 1072 2291 ,
1094 2257 1123 2283 et
1134 2252 1156 2284 l.
1173 2251 1207 2283 II
1220 2276 1228 2292 ‚
1243 2250 1284 2293 2,
1306 2263 1334 2292 p.
1351 2251 1431 2285 566.
1453 2254 1525 2286 coll.
1538 2254 1645 2286 Dionis
1657 2256 1731 2288 Exc.

404 2308 524 2349 Xiphil.
546 2309 570 2340 l.
591 2306 709 2346 LXXI,
724 2318 752 2338 e.
772 2305 828 2337 31.
855 2306 945 2336 conf.
968 2306 1051 2337 laud.
1080 2313 1161 2337 auct.
1180 2308 1259 2348 apud
1276 2308 1442 2341 Westerm.
1464 2310 1573 2341 Gesch.
1599 2311 1652 2341 der
1673 2312 1728 2344 Be·

401 2366 493 2396 redts.
523 2364 579 2395 Th.
609 2363 636 2398 I.
666 2363 697 2395 S.
728 2361 815 2402 200,
841 2367 907 2392 not.
936 2361 969 2393 3.
1004 2362 1117 2393 Romae
1145 2371 1246 2395 autem
1264 2361 1319 2404 qui
1342 2366 1537 2405 sophisticam
1557 2366 1729 2399 cathedram

401 2423 409 2457 ί
415 2419 479 2452 τὸν
495 2418 566 2451 ἅνω
585 2418 735 2464 θρόνον)
755 2418 959 2456 obtinebant,
978 2417 1011 2448 iu
1026 2418 1169 2450 instituto
1191 2420 1230 2450 ab
1255 2421 1412 2452 Hadriano
1429 2421 1589 2454 Athenaeo
1610 2421 1730 2465 (Aurel.

402 2477 487 2508 vict.
510 2476 596 2510 Caes.
625 2475 718 2515 XIV,
746 2475 779 2518 1)
808 2475 1032 2505 declamabant.
1068 2475 1139 2505 vid.
1165 2476 1314 2511 Philostr.
1340 2477 1364 2508 l.
1385 2476 1438 2518 11,
1454 2476 1517 2518 10,
1534 2478 1551 2520 ᾗ
1566 2477 1599 2509 5.
1624 2478 1727 2512 Olear.

402 2533 474 2564 adn.
495 2542 526 2571 Ρ.
546 2530 633 2570 589,
653 2529 686 2562 8.

443 2588 465 2618 δ’
482 2595 544 2626 Iul.
567 2595 699 2635 Capitol.
721 2595 754 2625 in
772 2596 891 2627 Anton.
914 2594 980 2625 Pio.
1002 2606 1028 2625 c.
1050 2593 1102 2624 11.
1137 2594 1246 2625 Noster
1262 2606 1384 2636 quoque
1402 2595 1557 2641 δημοσία
1574 2598 1607 2628 in
1623 2598 1729 2629 Gallia

392 2653 548 2694 sophistae
565 2663 691 2684 munere
711 2653 839 2693 fungens
858 2652 1024 2683 mercedem
1044 2651 1148 2682 traxit.
1178 2652 1236 2683 Pro
1253 2652 1344 2683 Merc-
1372 2653 1469 2684 Cond.
1488 2664 1515 2685 c.
1537 2653 1590 2686 15.

441 2720 455 2741 ³
480 2714 661 2755 Rhetorica,
673 2716 753 2755 apud
771 2715 898 2745 Lucian.
912 2714 965 2745 Bis
975 2714 1089 2745 Aecus.
1103 2725 1130 2744 c.
1146 2712 1200 2744 29.
1220 2713 1287 2746 ’νῦν
1302 2713 1415 2747 ὁπότε
1431 2714 1543 2758 μόνην
1557 2714 1617 2756 ἐμὲ
1628 2717 1728 2749 θαυ-

391 2770 542 2813 μάζουσι
561 2771 622 2802 καὶ
641 2770 895 2814 ἐπιγράφονται
915 2770 1074 2808 ἅπαντες
1091 2770 1288 2815 προστάτιν
1307 2769 1456 2804 ἑαυτῶν.
