2154 3500
1035 229 1086 269 71

403 362 621 410 supertes,
649 368 689 399 c.
720 358 791 399 59.
828 353 1118 397 Alexandrum
1141 353 1335 396 novimus
1359 351 1487 393 etiam
1520 349 1727 407 flagrante

407 430 714 474 Marcomanico
743 432 859 476 bello
892 431 1115 474 oraculum
1145 429 1337 482 dedisse,
1371 435 1467 486 post
1504 427 1724 471 oraculum

406 508 618 551 Romanos
646 508 866 567 ingentem
890 507 1062 553 'cladem
1089 522 1232 565 passos
1265 522 1379 560 esse,
1414 514 1457 551 et
1500 521 1613 563 pene
1656 519 1725 549 ca-

408 592 524 640 ptam
548 603 573 630 a
595 588 789 631 barbaris
817 589 947 631 fuisse
973 589 1128 630 urbem
1155 587 1400 644 Aquileiam
1414 619 1426 638 ,
1442 586 1561 628 Alex.
1581 599 1622 628 c.
1641 587 1727 637 48;

408 679 578 718 verum,
612 681 747 723 quum
785 666 897 710 illud
935 666 1101 718 bellum
1137 665 1279 709 statim
1319 672 1516 709 secutum
1547 663 1602 706 sit
1636 670 1733 719 post

407 740 569 784 bellum
593 743 861 797 Parthicum,
890 760 931 788 a.
960 743 1152 797 CLXVI,
1177 744 1217 787 J.
1253 743 1385 800 Capit.
1417 743 1465 785 in
1493 742 1548 786 Μ.
1573 741 1732 784 Anton.

328 848 331 851 v
409 832 448 862 c.
474 822 554 872 13,
585 829 627 863 et
657 821 861 876 majorem
892 830 1058 878 partem
1088 822 1143 865 M.
1170 821 1339 864 Aurelii
1366 821 1489 878 regni
1519 820 1735 875 impleve-

408 897 485 948 rit,
528 911 609 939 nec
652 899 874 954 deperdita
903 900 1049 941 Dionis
1080 898 1259 940 historia
1295 898 1468 954 singula
1501 897 1592 951 ejus
1623 904 1734 938 tem·

407 987 512 1028 pora
536 988 561 1015 a
592 989 812 1032 quoquam
855 984 1057 1020 accurate
1089 975 1232 1019 adhuc
1259 975 1475 1031 descripta
1503 974 1607 1025 sint,
1648 987 1735 1015 non

407 1051 510 1094 licet
538 1053 654 1096 nude
679 1068 841 1111 ponere
872 1055 1035 1114 (Struv.
1060 1067 1174 1112 spec.
1206 1054 1275 1107 II,
1305 1067 1350 1111 p.
1385 1051 1448 1112 4),
1479 1052 1599 1096 illam
1619 1051 1733 1095 cala-

408 1129 597 1173 mitatem
641 1132 839 1174 extremis
881 1132 1013 1175 Marci
1059 1131 1211 1175 diebus
1254 1131 1476 1175 accidisse.
1522 1131 1678 1174 Contra
1708 1144 1732 1170 e

406 1208 500 1250 loco
525 1209 755 1264 Capitolini
785 1210 930 1267 potius
956 1210 1185 1267 suspiceris
1214 1225 1290 1262 ea,
1316 1224 1427 1266 quae
1451 1209 1506 1252 de
1532 1208 1736 1265 Aquileia

405 1301 430 1328 a
461 1287 651 1331 Luciano
678 1289 946 1342 referuntur,
974 1289 1099 1331 initio
1128 1288 1235 1331 belli
1267 1288 1496 1340 accidisse3
1530 1287 1735 1343 Capitoli-

406 1377 487 1404 nus
524 1363 638 1405 enim
677 1364 755 1406 ubi
779 1394 794 1414 ,
822 1365 869 1406 in
897 1364 951 1407 M.
989 1365 1148 1421 Anton.
1188 1379 1232 1407 c.
1266 1366 1350 1417 14,
1381 1365 1472 1423 agit
1495 1364 1549 1407 de
1581 1364 1731 1421 primis

410 1441 515 1483 belli
554 1441 814 1485 Marcoman.
846 1442 1000 1498 rebus,
1031 1443 1273 1485 memoratis
1302 1443 1582 1485 barbarorum
1608 1442 1736 1484 moti-

412 1519 516 1573 bus,
551 1520 678 1563 «Nec
714 1533 900 1577 parum»
938 1520 1083 1579 inquit
1112 1520 1314 1578 «profuit
1345 1520 1425 1564 ista
1460 1520 1631 1580 (nempe
1652 1519 1733 1560 im-

414 1598 676 1655 peratorum)
714 1600 948 1654 profectio,
994 1613 1130 1655 quum
1166 1599 1410 1656 Aquileiam
1437 1613 1575 1656 usque
1605 1599 1741 1640 venis-

408 1684 516 1720 sent.
530 1692 553 1719 ›>
580 1677 666 1731 Qui
693 1676 813 1720 locus
830 1710 841 1730 ‚
871 1677 949 1719 etsi
975 1676 1151 1720 verbum
1173 1677 1397 1719 venissent
1414 1675 1461 1718 in
1483 1691 1557 1728 eo,
1580 1675 1737 1719 collato

412 1754 593 1810 Capitol.
622 1754 668 1796 in
693 1755 807 1799 Vero
823 1786 834 1808 ,
866 1769 904 1798 c.
933 1757 987 1809 9,
1012 1769 1100 1797 non
1130 1754 1184 1797 de
1209 1753 1401 1797 hostibus
1429 1753 1503 1796 sed
1528 1753 1582 1796 de
1596 1754 1738 1796 Marco

409 1839 452 1874 et
483 1832 596 1876 Vero
623 1831 955 1890 intelligendum
986 1840 1071 1885 est,
1097 1832 1201 1878 (vid.
1217 1833 1394 1876 Casaub.
1417 1832 1471 1875 ad
1491 1833 1521 1873 l.
1536 1831 1565 1888 ,)
1589 1840 1733 1874 tamen

409 1910 606 1969 designat
631 1911 852 1967 peculiare
880 1910 1097 1970 quoddam
1123 1910 1350 1968 Aquileiae
1379 1910 1626 1968 periculum
1655 1910 1739 1953 im·

412 1989 624 2046 pendisse.
658 1989 810 2047 Itaque
833 1996 1061 2047 propterea
1091 1997 1182 2032 tum
1209 1989 1255 2031 in
1269 1989 1420 2045 primis
1441 2002 1578 2046 quum
1602 1987 1738 2046 Aqui-

411 2068 539 2110 leiam
579 2076 807 2123 venerant,
844 2068 1152 2123 imperatorum
1185 2067 1396 2122 profectio
1431 2067 1641 2122 profuisse
1670 2066 1741 2107 vi-

414 2145 592 2197 deatur,
636 2145 752 2201 quod
797 2146 961 2202 alioqui
1002 2146 1198 2187 futurum
1240 2145 1398 2196 fuerit,
1446 2143 1564 2201 quod
1613 2142 1742 2186 habet

413 2220 646 2274 Lucianus,
686 2229 735 2264 ut
769 2220 876 2266 haec
907 2221 1009 2265 urbs
1043 2237 1068 2266 a
1096 2221 1290 2266 barbaris
1323 2221 1681 2278 interciperetur3
1716 2235 1740 2262 a

411 2300 598 2342 Luciano
628 2308 772 2342 autem
798 2301 936 2343 solum
966 2301 1155 2343 Marcum
1190 2302 1440 2352 memorari,
1469 2316 1554 2343 non
1583 2304 1742 2346 mirum

413 2379 489 2429 sit,
522 2377 873 2435 quandoquidem
892 2377 1140 2420 Parthicum
1167 2378 1331 2420 bellum
1358 2379 1528 2420 nomine
1557 2387 1674 2421 certe
1691 2395 1742 2422 ac

413 2471 491 2512 per
518 2457 758 2513 praefectos
787 2456 832 2500 L.
866 2456 1004 2502 Verus
1031 2456 1189 2516 gessit,
1218 2456 1517 2500 Marcomanici
1553 2472 1654 2501 vero
1684 2459 1741 2502 M.

413 2533 613 2578 Aurelius
645 2533 736 2591 jam
787 2534 930 2578 statim
986 2535 1041 2579 ab
1088 2534 1238 2587 initio,
1291 2535 1369 2578 etsi
1419 2536 1620 2579 comitem
1651 2550 1742 2579 esse

415 2612 574 2655 Verum
602 2613 763 2665 voluit,
803 2620 950 2673 'tamen
988 2621 1125 2672 totum
1155 2628 1265 2657 onus.
1288 2614 1335 2656 in
1370 2627 1414 2657 se
1446 2615 1626 2670 recepit.

473 2690 648 2734 Luciani
676 2691 1052 2747 quadragesimum
1079 2707 1239 2736 annum
1268 2693 1352 2736 non
1383 2701 1478 2749 post
1510 2708 1547 2736 a.
1581 2692 1742 2743 CLXV,
