2154 3500
1047 276 1213 340 30‘

406 423 497 479 jam
527 428 766 483 exemplum
810 426 927 467 dedit
964 428 1227 468 Hermannus
1259 438 1296 476 ι,
1344 429 1420 484 qui
1466 438 1579 472 recte
1612 431 1737 472 etiam

410 506 576 548 monuit
604 521 654 548 ea
678 506 854 548 Luciani
877 505 1057 562 scripta,
1090 518 1201 562 quae
1225 519 1312 547 non
1335 504 1520 550 habeant
1544 510 1738 552 satiricae

408 584 582 627 rationis
607 586 870 627 manifestam
896 585 1271 643 significationem,
1303 585 1337 627 si
1361 599 1499 641 pauca
1529 588 1737 643 quaedam

408 664 592 720 excipias
611 697 622 715 ,
653 663 869 718 prioribus
895 663 986 706 fere
1013 676 1140 720 quam
1165 662 1471 719 posterioribus
1492 665 1633 720 potius
1661 666 1738 710 ad-

410 740 672 783 numeranda
695 755 798 783 esse.

466 817 728 872 Excipienda
754 825 899 860 autem
924 824 1051 868 sunt,
1096 810 1303 860 nonnulla
1326 832 1350 859 a
1373 818 1540 861 seniore
1564 823 1737 874 peculi-

406 897 549 961 aribus
587 895 978 951 opportunitatibus
1009 894 1277 951 conscripta,
1313 902 1362 937 ut
1401 895 1600 953 apologia
1638 897 1737 942 Pro

407 971 610 1018 Mercede
635 972 880 1016 Condat-tis
896 1006 906 1026 ,
926 979 968 1015 et
994 970 1090 1015 Pro
1108 970 1263 1031 Lapsa
1289 972 1411 1016 inter
1430 971 1737 1018 Salutandum

408 1060 450 1094 et
476 1066 525 1094 ea
551 1050 777 1107 sophistica
809 1050 1014 1105 opuscula
1041 1058 1088 1091 ut
1121 1048 1350 1104 Bacchus,
1380 1049 1620 1103 Hercules,
1653 1053 1738 1095 alia

404 1143 542 1185 pauca
563 1161 574 1180 ,
602 1142 713 1184 quae
734 1128 976 1168 monuimus
993 1128 1047 1168 ab
1064 1128 1292 1168 admodum
1306 1142 1405 1169 sene
1420 1130 1660 1184 conscripta
1675 1131 1736 1171 vi-

406 1208 513 1250 deri.
530 1208 636 1249 Tum
651 1206 775 1248 etiam
786 1205 967 1248 maxime
978 1204 1160 1262 vigentis
1173 1204 1321 1247 aetatis
1332 1219 1467 1247 unum
1482 1213 1523 1248 et
1535 1207 1735 1262 alterum,

404 1288 449 1329 in
478 1299 565 1343 quo
591 1282 863 1339 sophisticam
891 1283 1071 1325 formam
1091 1281 1289 1324 adhibuit
1310 1281 1363 1324 ad
1395 1283 1733 1327 commendanda

402 1364 572 1406 satirica
606 1363 789 1417 scripta,
819 1361 965 1416 qualia
999 1368 1098 1401 sunt
1130 1360 1429 1402 Prometheus
1453 1361 1504 1401 in
1539 1359 1585 1405 V
1582 1361 1729 1412 erhu,

406 1450 449 1485 ct
475 1442 651 1485 fortasse
680 1439 849 1482 Zeuxis
867 1454 904 1481 e.
934 1437 1183 1480 Antiochus
1196 1453 1214 1488 ,-
1241 1436 1308 1480 vel
1336 1437 1381 1480 in
1399 1438 1555 1494 quibus
1571 1446 1732 1483 remoto

407 1520 523 1562 omni
555 1518 764 1561 severiore
792 1516 992 1566 consilio,
1035 1529 1151 1557 nunc
1186 1516 1314 1557 vitam
1344 1524 1385 1558 et
1407 1530 1545 1559 mores
1579 1517 1735 1559 descri-

409 1597 516 1654 psit,
544 1608 660 1638 nunc
684 1594 833 1636 festivo
858 1592 1035 1650 ingenio
1057 1592 1183 1644 lusit;
1216 1591 1461 1647 hujusmodi
1477 1600 1575 1635 sunt
1592 1593 1734 1635 Mere-

407 1676 539 1718 tricia·
557 1672 757 1729 Dialogi
784 1679 826 1713 et
853 1670 1094 1725 complures
1110 1668 1305 1726 Dialoqi
1327 1668 1527 1712 Deorum
1543 1703 1554 1721 ,
1580 1669 1629 1710 V
1627 1685 1731 1712 erae

404 1751 665 1801 Historiae,
712 1756 753 1791 et
779 1749 813 1789 si
840 1746 1015 1804 quidem
1038 1746 1216 1787 Luciani
1240 1746 1294 1787 sit
1318 1759 1450 1802 opus,
1471 1747 1729 1803 lepidissima

399 1830 546 1873 fabula
567 1827 726 1871 Asini.

454 1908 691 1963 Praecipua
719 1888 1087 1953 enumerabimus,
1139 1916 1250 1960 quae
1277 1908 1476 1958 putamus
1501 1902 1727 1959 sophistica

401 2002 489 2031 esse
511 1986 668 2041 scripta
687 1991 816 2041 atque
831 1981 1042 2036 juvenilia
1066 1979 1245 2022 Luciani
1269 1979 1407 2022 studia
1430 1980 1663 2024 declarare.

459 2066 514 2108 Et
548 2063 755 2120 primum,
785 2059 901 2118 quod
929 2075 978 2101 ex
1001 2058 1093 2114 ejus
1115 2059 1198 2101 vita
1217 2065 1259 2100 et
1289 2058 1417 2100 rebus
1442 2059 1564 2101 nobis
1593 2074 1723 2116 appa-

400 2143 509 2196 ruit,
550 2139 649 2183 satis
689 2150 904 2194 superque
945 2142 1155 2178 testantur
1187 2133 1414 2191 sophistica
1440 2134 1534 2191 ejus
1566 2149 1692 2192 opera
1711 2170 1721 2187 ‚

401 2234 501 2262 eum
525 2220 570 2260 in
596 2215 766 2258 dicendi
794 2214 921 2256 laude
948 2213 1244 2270 persequenda
1284 2214 1500 2269 singulare
1526 2214 1601 2256 diu
1629 2221 1720 2255 stu-

398 2297 518 2340 dium
544 2294 749 2352 posuisse.
778 2291 1038 2334 Luculenter
1064 2291 1109 2333 in
1130 2290 1277 2346 primis
1300 2289 1383 2333 hoc
1412 2289 1601 2347 produnt
1621 2291 1719 2334 hre-

393 2375 531 2418 viores
564 2373 666 2415 illae
691 2368 927 2427 προλαλιαί
958 2372 973 2394 ²
1014 2369 1100 2409 sive
1139 2367 1376 2410 rhetoricae
1405 2368 1715 2424 praefationes,

428 2575 441 2599 ²
469 2576 503 2609 C.
522 2575 573 2607 Fr.
594 2574 769 2613 Hermann,
797 2572 830 2604 in
848 2570 982 2613 Angem.
1005 2570 1127 2602 schulz.
1152 2568 1259 2611 1832,
1282 2569 1313 2600 S.
1335 2568 1410 2602 808.
1437 2569 1562 2601 Secutus
1580 2581 1648 2602 eum
1668 2578 1716 2602 en

384 2634 463 2666 God.
480 2630 688 2671 Wetzlar,in
708 2640 792 2669 supr.
812 2629 933 2659 laudat.
958 2628 1125 2659 Commeat.
1145 2637 1175 2666 p.
1191 2625 1245 2657 52.
1376 2627 1379 2631 '

433 2714 451 2733 2
479 2713 551 2744 vid.
581 2712 666 2743 titul.
697 2711 809 2743 Bacchi
829 2716 858 2741 et
882 2709 1044 2751 Herculis,
1061 2709 1094 2740 in
1115 2709 1195 2741 Edit.
1220 2708 1402 2750 Jacobitzii‚
1421 2721 1488 2742 cum
1506 2711 1540 2741 11.
1559 2710 1652 2743 codd.
1673 2711 1707 2741 T.

391 2771 461 2812 111,
481 2782 508 2810 p.
528 2768 609 2801 225.
630 2768 705 2800 231.
