<?xml version="1.0" encoding="UTF-8"?>
<!DOCTYPE html PUBLIC "-//W3C//DTD XHTML 1.0 Transitional//EN"
    "http://www.w3.org/TR/xhtml1/DTD/xhtml1-transitional.dtd">
<html xmlns="http://www.w3.org/1999/xhtml" xml:lang="en" lang="en">
 <head>
  <title>
</title>
<meta http-equiv="Content-Type" content="text/html;charset=utf-8" />
  <meta name='ocr-system' content='tesseract 3.04.00' />
  <meta name='ocr-capabilities' content='ocr_page ocr_carea ocr_par ocr_line ocrx_word'/>
</head>
<body>
  <div class='ocr_page' id='page_1' title='image "./4629189_0020.png"; bbox 0 0 2154 3500; ppageno 0'>
   <div class='ocr_carea' id='block_1_1' title="bbox 398 373 1715 397">
    <p class='ocr_par' dir='ltr' id='par_1_1' title="bbox 398 373 1715 397">
     <span class='ocr_line' id='line_1_1' title="bbox 398 373 1715 397; baseline -0.001 -2"><span class='ocrx_word' id='word_1_1' title='bbox 398 375 463 396; x_wconf 54' lang='lat' dir='ltr'><strong>mvl</strong></span> <span class='ocrx_word' id='word_1_2' title='bbox 468 375 658 397; x_wconf 51' lang='lat' dir='ltr'><strong>§summ</strong></span> <span class='ocrx_word' id='word_1_3' title='bbox 663 376 852 397; x_wconf 55' lang='lat' dir='ltr'><strong>§ssffltw</strong></span> <span class='ocrx_word' id='word_1_4' title='bbox 858 376 919 396; x_wconf 56' lang='lat' dir='ltr'><strong>§u</strong></span> <span class='ocrx_word' id='word_1_5' title='bbox 923 375 984 395; x_wconf 52' lang='lat' dir='ltr'><strong>SM!</strong></span> <span class='ocrx_word' id='word_1_6' title='bbox 988 374 1049 394; x_wconf 61' lang='grc' dir='ltr'><strong>ἱὶἱ</strong></span> <span class='ocrx_word' id='word_1_7' title='bbox 1054 374 1115 394; x_wconf 56' lang='lat' dir='ltr'><strong>§u</strong></span> <span class='ocrx_word' id='word_1_8' title='bbox 1120 374 1181 394; x_wconf 56' lang='lat' dir='ltr'><strong>§ss</strong></span> <span class='ocrx_word' id='word_1_9' title='bbox 1187 374 1247 393; x_wconf 53' lang='lat' dir='ltr'><strong>Qu</strong></span> <span class='ocrx_word' id='word_1_10' title='bbox 1258 373 1320 394; x_wconf 58' lang='grc' dir='ltr'>Ἃὶ</span> <span class='ocrx_word' id='word_1_11' title='bbox 1324 374 1385 394; x_wconf 62' lang='lat' dir='ltr'><strong>tm</strong></span> <span class='ocrx_word' id='word_1_12' title='bbox 1389 373 1582 394; x_wconf 64' lang='lat' dir='ltr'><strong>mmm</strong></span> <span class='ocrx_word' id='word_1_13' title='bbox 1589 374 1650 394; x_wconf 57' lang='lat' dir='ltr'><strong>§ss</strong></span> <span class='ocrx_word' id='word_1_14' title='bbox 1654 375 1715 394; x_wconf 56' lang='lat' dir='ltr'><strong>tu</strong></span> 
     </span>
    </p>
   </div>
   <div class='ocr_carea' id='block_1_2' title="bbox 1040 706 1089 762">
    <p class='ocr_par' dir='ltr' id='par_1_2' title="bbox 1040 706 1089 762">
     <span class='ocr_line' id='line_1_2' title="bbox 1040 706 1089 762; baseline 0.02 -1"><span class='ocrx_word' id='word_1_15' title='bbox 1040 706 1089 762; x_wconf 88' lang='grc' dir='ltr'><strong>Ι.</strong></span> 
     </span>
    </p>
   </div>
   <div class='ocr_carea' id='block_1_3' title="bbox 606 867 1507 965">
    <p class='ocr_par' dir='ltr' id='par_1_3' title="bbox 606 867 1507 965">
     <span class='ocr_line' id='line_1_3' title="bbox 606 867 1507 908; baseline -0.003 -5"><span class='ocrx_word' id='word_1_16' title='bbox 606 871 773 904; x_wconf 66' lang='lat' dir='ltr'><strong>Lucum</strong></span> <span class='ocrx_word' id='word_1_17' title='bbox 796 869 1050 902; x_wconf 77' lang='lat' dir='ltr'><strong>JUVENTUTIS</strong></span> <span class='ocrx_word' id='word_1_18' title='bbox 1075 867 1267 908; x_wconf 77' lang='lat' dir='ltr'>NOTITIA,</span> <span class='ocrx_word' id='word_1_19' title='bbox 1296 868 1349 901; x_wconf 76' lang='lat' dir='ltr'><strong>Ex</strong></span> <span class='ocrx_word' id='word_1_20' title='bbox 1376 868 1507 900; x_wconf 79' lang='lat' dir='ltr'><strong>IPSIUS</strong></span> 
     </span>
     <span class='ocr_line' id='line_1_4' title="bbox 849 931 1279 965; baseline -0.005 -1"><span class='ocrx_word' id='word_1_21' title='bbox 849 931 1108 965; x_wconf 76' lang='lat' dir='ltr'><strong>TESTIMONHS</strong></span> <span class='ocrx_word' id='word_1_22' title='bbox 1132 931 1279 963; x_wconf 66' lang='lat' dir='ltr'><strong>suma,</strong></span> 
     </span>
    </p>
   </div>
   <div class='ocr_carea' id='block_1_4' title="bbox 948 1104 1164 1119">
    <p class='ocr_par' dir='ltr' id='par_1_4' title="bbox 948 1104 1164 1119">
     <span class='ocr_line' id='line_1_5' title="bbox 948 1104 1164 1119; baseline -0.014 1"><span class='ocrx_word' id='word_1_23' title='bbox 948 1104 1164 1119; x_wconf 46' lang='grc' dir='ltr'><strong>ψ’·</strong></span> 
     </span>
    </p>
   </div>
   <div class='ocr_carea' id='block_1_5' title="bbox 392 1246 1728 2399">
    <p class='ocr_par' dir='ltr' id='par_1_5' title="bbox 392 1246 1728 2227">
     <span class='ocr_line' id='line_1_6' title="bbox 454 1246 1716 1302; baseline 0.002 -14"><span class='ocrx_word' id='word_1_24' title='bbox 454 1246 639 1289; x_wconf 87' lang='lat' dir='ltr'><strong>Luciano</strong></span> <span class='ocrx_word' id='word_1_25' title='bbox 667 1261 746 1288; x_wconf 90' lang='lat' dir='ltr'><strong>nee</strong></span> <span class='ocrx_word' id='word_1_26' title='bbox 774 1256 999 1302; x_wconf 88' lang='lat' dir='ltr'><strong>parentum</strong></span> <span class='ocrx_word' id='word_1_27' title='bbox 1028 1249 1200 1289; x_wconf 87' lang='lat' dir='ltr'><strong>fortuna</strong></span> <span class='ocrx_word' id='word_1_28' title='bbox 1225 1262 1307 1290; x_wconf 87' lang='lat' dir='ltr'><strong>nee</strong></span> <span class='ocrx_word' id='word_1_29' title='bbox 1338 1246 1489 1290; x_wconf 88' lang='lat' dir='ltr'><strong>natalis</strong></span> <span class='ocrx_word' id='word_1_30' title='bbox 1511 1249 1632 1290; x_wconf 87' lang='lat' dir='ltr'><strong>locus</strong></span> <span class='ocrx_word' id='word_1_31' title='bbox 1663 1248 1716 1291; x_wconf 85' lang='lat' dir='ltr'><strong>ad</strong></span> 
     </span>
     <span class='ocr_line' id='line_1_7' title="bbox 394 1324 1718 1380; baseline 0.002 -15"><span class='ocrx_word' id='word_1_32' title='bbox 394 1324 616 1366; x_wconf 85' lang='lat' dir='ltr'><strong>literarum</strong></span> <span class='ocrx_word' id='word_1_33' title='bbox 646 1324 818 1366; x_wconf 85' lang='lat' dir='ltr'><strong>laudem</strong></span> <span class='ocrx_word' id='word_1_34' title='bbox 845 1332 1086 1380; x_wconf 90' lang='lat' dir='ltr'><strong>opportuna</strong></span> <span class='ocrx_word' id='word_1_35' title='bbox 1118 1325 1309 1368; x_wconf 84' lang='lat' dir='ltr'><strong>fuerunt.</strong></span> <span class='ocrx_word' id='word_1_36' title='bbox 1341 1324 1577 1368; x_wconf 85' lang='lat' dir='ltr'><strong>Barbarum</strong></span> <span class='ocrx_word' id='word_1_37' title='bbox 1611 1326 1624 1348; x_wconf 91' lang='lat'>¹</span> <span class='ocrx_word' id='word_1_38' title='bbox 1652 1325 1718 1368; x_wconf 92' lang='lat' dir='ltr'><strong>in-</strong></span> 
     </span>
     <span class='ocr_line' id='line_1_8' title="bbox 392 1400 1722 1460; baseline 0.001 -18"><span class='ocrx_word' id='word_1_39' title='bbox 392 1400 561 1443; x_wconf 84' lang='lat' dir='ltr'><strong>terdum</strong></span> <span class='ocrx_word' id='word_1_40' title='bbox 587 1401 677 1457; x_wconf 88' lang='lat' dir='ltr'><strong>ipse</strong></span> <span class='ocrx_word' id='word_1_41' title='bbox 699 1415 743 1442; x_wconf 91' lang='lat' dir='ltr'><strong>se</strong></span> <span class='ocrx_word' id='word_1_42' title='bbox 758 1402 988 1457; x_wconf 87' lang='lat' dir='ltr'><strong>appellavit</strong></span> <span class='ocrx_word' id='word_1_43' title='bbox 1002 1416 1025 1443; x_wconf 90' lang='lat' dir='ltr'><strong>a</strong></span> <span class='ocrx_word' id='word_1_44' title='bbox 1049 1403 1186 1457; x_wconf 88' lang='lat' dir='ltr'><strong>patria</strong></span> <span class='ocrx_word' id='word_1_45' title='bbox 1203 1402 1450 1455; x_wconf 82' lang='lat' dir='ltr'><strong>Samosatis3</strong></span> <span class='ocrx_word' id='word_1_46' title='bbox 1486 1417 1596 1460; x_wconf 93' lang='lat' dir='ltr'><strong>quae</strong></span> <span class='ocrx_word' id='word_1_47' title='bbox 1619 1403 1722 1444; x_wconf 87' lang='lat' dir='ltr'><strong>urbs</strong></span> 
     </span>
     <span class='ocr_line' id='line_1_9' title="bbox 392 1477 1723 1537; baseline 0.002 -16"><span class='ocrx_word' id='word_1_48' title='bbox 392 1479 476 1521; x_wconf 88' lang='lat' dir='ltr'><strong>fuit</strong></span> <span class='ocrx_word' id='word_1_49' title='bbox 490 1479 749 1537; x_wconf 83' lang='lat' dir='ltr'><strong>Comagenes</strong></span> <span class='ocrx_word' id='word_1_50' title='bbox 766 1493 852 1521; x_wconf 92' lang='lat' dir='ltr'><strong>non</strong></span> <span class='ocrx_word' id='word_1_51' title='bbox 870 1477 1001 1537; x_wconf 85' lang='lat' dir='ltr'><strong>longe</strong></span> <span class='ocrx_word' id='word_1_52' title='bbox 1024 1479 1078 1520; x_wconf 84' lang='lat' dir='ltr'><strong>ab</strong></span> <span class='ocrx_word' id='word_1_53' title='bbox 1093 1479 1310 1536; x_wconf 79' lang='lat' dir='ltr'><strong>Euphrate</strong></span> <span class='ocrx_word' id='word_1_54' title='bbox 1327 1481 1420 1524; x_wconf 87' lang='lat' dir='ltr'><strong>sita.</strong></span> <span class='ocrx_word' id='word_1_55' title='bbox 1442 1481 1567 1523; x_wconf 84' lang='lat' dir='ltr'><strong>Pater</strong></span> <span class='ocrx_word' id='word_1_56' title='bbox 1582 1488 1723 1523; x_wconf 84' lang='lat' dir='ltr'><strong>autem</strong></span> 
     </span>
     <span class='ocr_line' id='line_1_10' title="bbox 393 1556 1725 1613; baseline 0.002 -15"><span class='ocrx_word' id='word_1_57' title='bbox 393 1564 570 1613; x_wconf 87' lang='lat' dir='ltr'><strong>propter</strong></span> <span class='ocrx_word' id='word_1_58' title='bbox 602 1558 854 1599; x_wconf 83' lang='lat' dir='ltr'><strong>tenuitatem</strong></span> <span class='ocrx_word' id='word_1_59' title='bbox 887 1557 949 1598; x_wconf 88' lang='lat' dir='ltr'><strong>rei</strong></span> <span class='ocrx_word' id='word_1_60' title='bbox 978 1556 1236 1599; x_wconf 83' lang='lat' dir='ltr'><strong>domesticae</strong></span> <span class='ocrx_word' id='word_1_61' title='bbox 1266 1572 1364 1599; x_wconf 90' lang='lat' dir='ltr'><strong>eum</strong></span> <span class='ocrx_word' id='word_1_62' title='bbox 1402 1572 1542 1613; x_wconf 86' lang='lat' dir='ltr'><strong>nuper</strong></span> <span class='ocrx_word' id='word_1_63' title='bbox 1570 1574 1594 1600; x_wconf 92' lang='lat' dir='ltr'><strong>e</strong></span> <span class='ocrx_word' id='word_1_64' title='bbox 1621 1558 1725 1600; x_wconf 90' lang='lat' dir='ltr'><strong>ludo</strong></span> 
     </span>
     <span class='ocr_line' id='line_1_11' title="bbox 395 1635 1723 1680; baseline 0.002 -2"><span class='ocrx_word' id='word_1_65' title='bbox 395 1636 613 1678; x_wconf 89' lang='lat' dir='ltr'><strong>dimissum</strong></span> <span class='ocrx_word' id='word_1_66' title='bbox 663 1636 904 1679; x_wconf 85' lang='lat' dir='ltr'><strong>sellulariae</strong></span> <span class='ocrx_word' id='word_1_67' title='bbox 954 1636 1064 1679; x_wconf 83' lang='lat' dir='ltr'><strong>vitae</strong></span> <span class='ocrx_word' id='word_1_68' title='bbox 1114 1636 1333 1679; x_wconf 84' lang='lat' dir='ltr'><strong>addixerat</strong></span> <span class='ocrx_word' id='word_1_69' title='bbox 1365 1636 1396 1679; x_wconf 87' lang='lat'><strong>².</strong></span> <span class='ocrx_word' id='word_1_70' title='bbox 1446 1635 1529 1678; x_wconf 92' lang='lat' dir='ltr'><strong>Sed</strong></span> <span class='ocrx_word' id='word_1_71' title='bbox 1580 1652 1723 1680; x_wconf 83' lang='lat' dir='ltr'><strong>rerum</strong></span> 
     </span>
     <span class='ocr_line' id='line_1_12' title="bbox 395 1713 1723 1772; baseline 0.001 -16"><span class='ocrx_word' id='word_1_72' title='bbox 395 1713 678 1757; x_wconf 85' lang='lat' dir='ltr'><strong>humilitatem</strong></span> <span class='ocrx_word' id='word_1_73' title='bbox 704 1715 918 1772; x_wconf 82' lang='lat' dir='ltr'><strong>superavit</strong></span> <span class='ocrx_word' id='word_1_74' title='bbox 944 1722 1122 1757; x_wconf 83' lang='lat' dir='ltr'><strong>naturae</strong></span> <span class='ocrx_word' id='word_1_75' title='bbox 1137 1715 1182 1757; x_wconf 90' lang='lat' dir='ltr'><strong>in</strong></span> <span class='ocrx_word' id='word_1_76' title='bbox 1206 1730 1342 1771; x_wconf 89' lang='lat' dir='ltr'><strong>puero</strong></span> <span class='ocrx_word' id='word_1_77' title='bbox 1362 1715 1544 1759; x_wconf 81' lang='lat' dir='ltr'><strong>bonitas,</strong></span> <span class='ocrx_word' id='word_1_78' title='bbox 1579 1716 1723 1770; x_wconf 88' lang='lat' dir='ltr'><strong>Quum</strong></span> 
     </span>
     <span class='ocr_line' id='line_1_13' title="bbox 396 1792 1718 1845; baseline -0.002 -10"><span class='ocrx_word' id='word_1_79' title='bbox 396 1793 509 1835; x_wconf 86' lang='lat' dir='ltr'><strong>enim</strong></span> <span class='ocrx_word' id='word_1_80' title='bbox 530 1826 541 1845; x_wconf 97' lang='lat'><strong>,</strong></span> <span class='ocrx_word' id='word_1_81' title='bbox 585 1794 630 1835; x_wconf 90' lang='lat' dir='ltr'><strong>in</strong></span> <span class='ocrx_word' id='word_1_82' title='bbox 668 1793 870 1835; x_wconf 85' lang='lat' dir='ltr'><strong>avunculi</strong></span> <span class='ocrx_word' id='word_1_83' title='bbox 922 1792 1169 1835; x_wconf 88' lang='lat' dir='ltr'><strong>statuariam</strong></span> <span class='ocrx_word' id='word_1_84' title='bbox 1224 1792 1435 1834; x_wconf 88' lang='lat' dir='ltr'><strong>officinam</strong></span> <span class='ocrx_word' id='word_1_85' title='bbox 1481 1792 1718 1843; x_wconf 86' lang='lat' dir='ltr'><strong>deductus,</strong></span> 
     </span>
     <span class='ocr_line' id='line_1_14' title="bbox 394 1869 1724 1926; baseline 0 -14"><span class='ocrx_word' id='word_1_86' title='bbox 394 1870 599 1913; x_wconf 85' lang='lat' dir='ltr'><strong>continuo</strong></span> <span class='ocrx_word' id='word_1_87' title='bbox 618 1870 792 1913; x_wconf 88' lang='lat' dir='ltr'><strong>moleste</strong></span> <span class='ocrx_word' id='word_1_88' title='bbox 814 1871 978 1913; x_wconf 89' lang='lat' dir='ltr'><strong>tulisset</strong></span> <span class='ocrx_word' id='word_1_89' title='bbox 1004 1869 1254 1926; x_wconf 85' lang='lat' dir='ltr'><strong>disciplinae</strong></span> <span class='ocrx_word' id='word_1_90' title='bbox 1282 1871 1548 1913; x_wconf 87' lang='lat' dir='ltr'><strong>severitatem</strong></span> <span class='ocrx_word' id='word_1_91' title='bbox 1567 1904 1578 1923; x_wconf 89' lang='lat'>,</span> <span class='ocrx_word' id='word_1_92' title='bbox 1608 1877 1724 1912; x_wconf 86' lang='lat' dir='ltr'><strong>tanta</strong></span> 
     </span>
     <span class='ocr_line' id='line_1_15' title="bbox 394 1947 1724 2007; baseline -0.001 -15"><span class='ocrx_word' id='word_1_93' title='bbox 394 1963 492 1992; x_wconf 88' lang='lat' dir='ltr'><strong>eum</strong></span> <span class='ocrx_word' id='word_1_94' title='bbox 519 1949 691 1993; x_wconf 89' lang='lat' dir='ltr'><strong>incessit</strong></span> <span class='ocrx_word' id='word_1_95' title='bbox 718 1948 875 2007; x_wconf 90' lang='lat' dir='ltr'><strong>cupido</strong></span> <span class='ocrx_word' id='word_1_96' title='bbox 906 1949 1099 1992; x_wconf 89' lang='lat' dir='ltr'><strong>cultioris</strong></span> <span class='ocrx_word' id='word_1_97' title='bbox 1122 1948 1231 1991; x_wconf 86' lang='lat' dir='ltr'><strong>vitae</strong></span> <span class='ocrx_word' id='word_1_98' title='bbox 1260 1947 1481 2007; x_wconf 86' lang='lat' dir='ltr'><strong>agendae,</strong></span> <span class='ocrx_word' id='word_1_99' title='bbox 1512 1955 1584 2002; x_wconf 86' lang='lat' dir='ltr'><strong>ut,</strong></span> <span class='ocrx_word' id='word_1_100' title='bbox 1622 1963 1724 1991; x_wconf 89' lang='lat' dir='ltr'><strong>nec-</strong></span> 
     </span>
     <span class='ocr_line' id='line_1_16' title="bbox 394 2026 1725 2086; baseline 0 -16"><span class='ocrx_word' id='word_1_101' title='bbox 394 2027 497 2070; x_wconf 89' lang='lat' dir='ltr'><strong>dum</strong></span> <span class='ocrx_word' id='word_1_102' title='bbox 525 2028 725 2070; x_wconf 89' lang='lat' dir='ltr'><strong>tirocinio</strong></span> <span class='ocrx_word' id='word_1_103' title='bbox 750 2028 914 2085; x_wconf 86' lang='lat' dir='ltr'><strong>posito,</strong></span> <span class='ocrx_word' id='word_1_104' title='bbox 955 2028 1193 2071; x_wconf 87' lang='lat' dir='ltr'><strong>deseruerit</strong></span> <span class='ocrx_word' id='word_1_105' title='bbox 1220 2026 1335 2070; x_wconf 89' lang='lat' dir='ltr'><strong>illius</strong></span> <span class='ocrx_word' id='word_1_106' title='bbox 1363 2034 1497 2070; x_wconf 86' lang='lat' dir='ltr'><strong>artem</strong></span> <span class='ocrx_word' id='word_1_107' title='bbox 1516 2061 1526 2079; x_wconf 89' lang='lat'>‚</span> <span class='ocrx_word' id='word_1_108' title='bbox 1563 2043 1725 2086; x_wconf 90' lang='lat' dir='ltr'><strong>suoque</strong></span> 
     </span>
     <span class='ocr_line' id='line_1_17' title="bbox 395 2105 1728 2163; baseline -0.001 -15"><span class='ocrx_word' id='word_1_109' title='bbox 395 2113 531 2148; x_wconf 87' lang='lat' dir='ltr'><strong>marte</strong></span> <span class='ocrx_word' id='word_1_110' title='bbox 551 2105 789 2148; x_wconf 88' lang='lat' dir='ltr'><strong>decreverit</strong></span> <span class='ocrx_word' id='word_1_111' title='bbox 820 2106 873 2149; x_wconf 91' lang='lat' dir='ltr'><strong>ad</strong></span> <span class='ocrx_word' id='word_1_112' title='bbox 899 2106 1058 2149; x_wconf 85' lang='lat' dir='ltr'><strong>eruditi</strong></span> <span class='ocrx_word' id='word_1_113' title='bbox 1085 2107 1249 2163; x_wconf 86' lang='lat' dir='ltr'><strong>ingenii</strong></span> <span class='ocrx_word' id='word_1_114' title='bbox 1276 2107 1421 2148; x_wconf 90' lang='lat' dir='ltr'><strong>locum</strong></span> <span class='ocrx_word' id='word_1_115' title='bbox 1449 2113 1491 2147; x_wconf 81' lang='lat' dir='ltr'><strong>et</strong></span> <span class='ocrx_word' id='word_1_116' title='bbox 1511 2106 1728 2149; x_wconf 84' lang='lat' dir='ltr'><strong>fortunam</strong></span> 
     </span>
     <span class='ocr_line' id='line_1_18' title="bbox 400 2185 518 2227; baseline 0.017 -2"><span class='ocrx_word' id='word_1_117' title='bbox 400 2185 518 2227; x_wconf 86' lang='lat' dir='ltr'><strong>eniti.</strong></span> 
     </span>
    </p>

    <p class='ocr_par' dir='ltr' id='par_1_6' title="bbox 401 2261 1728 2399">
     <span class='ocr_line' id='line_1_19' title="bbox 456 2261 1728 2321; baseline 0 -17"><span class='ocrx_word' id='word_1_118' title='bbox 456 2261 592 2317; x_wconf 88' lang='lat' dir='ltr'><strong>Hujus</strong></span> <span class='ocrx_word' id='word_1_119' title='bbox 610 2264 811 2319; x_wconf 85' lang='lat' dir='ltr'><strong>temporis</strong></span> <span class='ocrx_word' id='word_1_120' title='bbox 849 2278 978 2321; x_wconf 89' lang='lat' dir='ltr'><strong>quam</strong></span> <span class='ocrx_word' id='word_1_121' title='bbox 1000 2279 1135 2320; x_wconf 89' lang='lat' dir='ltr'><strong>paene</strong></span> <span class='ocrx_word' id='word_1_122' title='bbox 1160 2264 1292 2306; x_wconf 86' lang='lat' dir='ltr'><strong>solam</strong></span> <span class='ocrx_word' id='word_1_123' title='bbox 1321 2262 1527 2306; x_wconf 89' lang='lat' dir='ltr'><strong>habemus</strong></span> <span class='ocrx_word' id='word_1_124' title='bbox 1552 2264 1728 2305; x_wconf 78' lang='lat' dir='ltr'><strong>Luciaui</strong></span> 
     </span>
     <span class='ocr_line' id='line_1_20' title="bbox 401 2339 1726 2399; baseline -0.002 -16"><span class='ocrx_word' id='word_1_125' title='bbox 401 2354 544 2384; x_wconf 87' lang='lat' dir='ltr'><strong>rerum</strong></span> <span class='ocrx_word' id='word_1_126' title='bbox 569 2339 896 2385; x_wconf 87' lang='lat' dir='ltr'><strong>domesticarum</strong></span> <span class='ocrx_word' id='word_1_127' title='bbox 925 2341 1119 2386; x_wconf 86' lang='lat' dir='ltr'><strong>notitiam</strong></span> <span class='ocrx_word' id='word_1_128' title='bbox 1146 2342 1237 2399; x_wconf 91' lang='lat' dir='ltr'><strong>ipse</strong></span> <span class='ocrx_word' id='word_1_129' title='bbox 1261 2341 1383 2384; x_wconf 90' lang='lat' dir='ltr'><strong>nobis</strong></span> <span class='ocrx_word' id='word_1_130' title='bbox 1399 2342 1655 2398; x_wconf 87' lang='lat' dir='ltr'><strong>impertivit,</strong></span> <span class='ocrx_word' id='word_1_131' title='bbox 1683 2342 1726 2381; x_wconf 89' lang='lat' dir='ltr'><strong>in</strong></span> 
     </span>
    </p>
   </div>
   <div class='ocr_carea' id='block_1_6' title="bbox 394 2493 1727 2596">
    <p class='ocr_par' dir='ltr' id='par_1_7' title="bbox 394 2493 1727 2596">
     <span class='ocr_line' id='line_1_21' title="bbox 402 2493 1727 2540; baseline -0.003 -11"><span class='ocrx_word' id='word_1_132' title='bbox 402 2508 405 2511; x_wconf 94' lang='lat'>·</span> <span class='ocrx_word' id='word_1_133' title='bbox 448 2501 461 2520; x_wconf 88' lang='lat'>1</span> <span class='ocrx_word' id='word_1_134' title='bbox 487 2497 601 2539; x_wconf 79' lang='lat' dir='ltr'><strong>Scytha</strong></span> <span class='ocrx_word' id='word_1_135' title='bbox 617 2510 643 2533; x_wconf 79' lang='lat' dir='ltr'><strong>s.</strong></span> <span class='ocrx_word' id='word_1_136' title='bbox 665 2499 799 2540; x_wconf 53' lang='lat' dir='ltr'><strong>Hosne.</strong></span> <span class='ocrx_word' id='word_1_137' title='bbox 812 2499 853 2536; x_wconf 85' lang='lat'><strong>9;</strong></span> <span class='ocrx_word' id='word_1_138' title='bbox 877 2498 929 2531; x_wconf 88' lang='lat' dir='ltr'><strong>Bis</strong></span> <span class='ocrx_word' id='word_1_139' title='bbox 948 2496 1165 2530; x_wconf 77' lang='lat' dir='ltr'><strong>Accus.c.27.</strong></span> <span class='ocrx_word' id='word_1_140' title='bbox 1179 2495 1239 2532; x_wconf 80' lang='lat'><strong>34;</strong></span> <span class='ocrx_word' id='word_1_141' title='bbox 1266 2496 1376 2528; x_wconf 72' lang='lat' dir='ltr'><strong>Piscat.</strong></span> <span class='ocrx_word' id='word_1_142' title='bbox 1395 2508 1420 2526; x_wconf 81' lang='lat' dir='ltr'><strong>s.</strong></span> <span class='ocrx_word' id='word_1_143' title='bbox 1446 2494 1598 2529; x_wconf 81' lang='lat' dir='ltr'><strong>Revivisc.</strong></span> <span class='ocrx_word' id='word_1_144' title='bbox 1617 2506 1644 2526; x_wconf 80' lang='lat' dir='ltr'><strong>e.</strong></span> <span class='ocrx_word' id='word_1_145' title='bbox 1666 2493 1727 2532; x_wconf 73' lang='lat'><strong>193</strong></span> 
     </span>
     <span class='ocr_line' id='line_1_22' title="bbox 394 2552 976 2596; baseline -0.007 -9"><span class='ocrx_word' id='word_1_146' title='bbox 394 2556 478 2587; x_wconf 80' lang='lat' dir='ltr'><strong>conf.</strong></span> <span class='ocrx_word' id='word_1_147' title='bbox 501 2554 611 2596; x_wconf 79' lang='lat' dir='ltr'><strong>Quom.</strong></span> <span class='ocrx_word' id='word_1_148' title='bbox 635 2554 715 2586; x_wconf 74' lang='lat' dir='ltr'><strong>nist.</strong></span> <span class='ocrx_word' id='word_1_149' title='bbox 731 2556 857 2587; x_wconf 80' lang='lat' dir='ltr'><strong>Conscr.</strong></span> <span class='ocrx_word' id='word_1_150' title='bbox 873 2566 900 2585; x_wconf 88' lang='lat' dir='ltr'><strong>c.</strong></span> <span class='ocrx_word' id='word_1_151' title='bbox 921 2552 976 2584; x_wconf 82' lang='lat'><strong>24.</strong></span> 
     </span>
    </p>
   </div>
   <div class='ocr_carea' id='block_1_7' title="bbox 399 2615 1725 2771">
    <p class='ocr_par' dir='ltr' id='par_1_8' title="bbox 399 2615 1725 2771">
     <span class='ocr_line' id='line_1_23' title="bbox 444 2615 1725 2662; baseline -0.002 -12"><span class='ocrx_word' id='word_1_152' title='bbox 444 2619 460 2636; x_wconf 81' lang='lat'>²</span> <span class='ocrx_word' id='word_1_153' title='bbox 485 2619 578 2650; x_wconf 80' lang='lat' dir='ltr'><strong>Anno</strong></span> <span class='ocrx_word' id='word_1_154' title='bbox 599 2621 709 2651; x_wconf 77' lang='lat' dir='ltr'><strong>aetatis</strong></span> <span class='ocrx_word' id='word_1_155' title='bbox 729 2622 849 2652; x_wconf 84' lang='lat' dir='ltr'><strong>circiter</strong></span> <span class='ocrx_word' id='word_1_156' title='bbox 869 2619 1064 2653; x_wconf 66' lang='lat' dir='ltr'>xlv-xvh</span> <span class='ocrx_word' id='word_1_157' title='bbox 1088 2617 1266 2662; x_wconf 73' lang='grc' dir='ltr'><strong>πρόςηβον</strong></span> <span class='ocrx_word' id='word_1_158' title='bbox 1296 2618 1358 2647; x_wconf 71' lang='lat' dir='ltr'><strong>sive</strong></span> <span class='ocrx_word' id='word_1_159' title='bbox 1379 2615 1591 2648; x_wconf 73' lang='grc' dir='ltr'><strong><em>ἀντίπαιδα.</em></strong></span> <span class='ocrx_word' id='word_1_160' title='bbox 1622 2617 1725 2648; x_wconf 85' lang='lat' dir='ltr'><strong>Somn.</strong></span> 
     </span>
     <span class='ocr_line' id='line_1_24' title="bbox 400 2672 1723 2714; baseline -0.002 -9"><span class='ocrx_word' id='word_1_161' title='bbox 400 2689 426 2708; x_wconf 70' lang='lat' dir='ltr'><strong>s.</strong></span> <span class='ocrx_word' id='word_1_162' title='bbox 454 2675 520 2706; x_wconf 78' lang='lat' dir='ltr'><strong>vit.</strong></span> <span class='ocrx_word' id='word_1_163' title='bbox 541 2674 612 2708; x_wconf 80' lang='lat' dir='ltr'><strong>Luc.</strong></span> <span class='ocrx_word' id='word_1_164' title='bbox 631 2688 658 2708; x_wconf 83' lang='lat' dir='ltr'><strong>c.</strong></span> <span class='ocrx_word' id='word_1_165' title='bbox 681 2675 696 2709; x_wconf 91' lang='lat'>1</span> <span class='ocrx_word' id='word_1_166' title='bbox 723 2683 752 2708; x_wconf 87' lang='lat' dir='ltr'><strong>et</strong></span> <span class='ocrx_word' id='word_1_167' title='bbox 772 2676 829 2714; x_wconf 85' lang='lat'><strong>16;</strong></span> <span class='ocrx_word' id='word_1_168' title='bbox 865 2678 947 2709; x_wconf 84' lang='lat' dir='ltr'><strong>conf.</strong></span> <span class='ocrx_word' id='word_1_169' title='bbox 976 2674 1142 2708; x_wconf 75' lang='lat' dir='ltr'><strong>Hemsterh.</strong></span> <span class='ocrx_word' id='word_1_170' title='bbox 1164 2675 1200 2705; x_wconf 74' lang='lat' dir='ltr'><strong>ud</strong></span> <span class='ocrx_word' id='word_1_171' title='bbox 1222 2674 1324 2707; x_wconf 79' lang='lat' dir='ltr'><strong>Somn.</strong></span> <span class='ocrx_word' id='word_1_172' title='bbox 1350 2672 1424 2712; x_wconf 78' lang='lat' dir='ltr'><strong>1,ct</strong></span> <span class='ocrx_word' id='word_1_173' title='bbox 1445 2672 1475 2702; x_wconf 87' lang='lat' dir='ltr'><strong>in</strong></span> <span class='ocrx_word' id='word_1_174' title='bbox 1496 2672 1597 2703; x_wconf 74' lang='lat' dir='ltr'><strong>Geelii</strong></span> <span class='ocrx_word' id='word_1_175' title='bbox 1613 2672 1723 2704; x_wconf 49' lang='lat' dir='ltr'><strong>anecd.</strong></span> 
     </span>
     <span class='ocr_line' id='line_1_25' title="bbox 399 2730 1257 2771; baseline -0.003 -10"><span class='ocrx_word' id='word_1_176' title='bbox 399 2743 427 2771; x_wconf 77' lang='lat' dir='ltr'><strong>p.</strong></span> <span class='ocrx_word' id='word_1_177' title='bbox 452 2730 505 2763; x_wconf 77' lang='lat'><strong>15.</strong></span> <span class='ocrx_word' id='word_1_178' title='bbox 1254 2736 1257 2738; x_wconf 72' lang='grc'><strong><em>’</em></strong></span> 
     </span>
    </p>
   </div>
  </div>
 </body>
</html>
