2154 3500
978 246 1133 297 tt„

395 399 471 440 per
511 390 646 425 totum
693 382 886 425 libellum
929 382 1186 425 dominatur.
1233 384 1312 425 Per
1342 382 1579 425 simulatam
1612 383 1718 425 vitu-

394 461 656 517 perationem
704 462 883 504 maxime
922 474 1015 502 cam
1059 459 1226 513 laudat,
1269 467 1418 517 utpote
1454 460 1535 515 ipsi
1570 459 1721 516 proba-

394 546 506 593 tam,
548 537 603 580 ab
648 539 854 596 ipsoque,
900 545 1107 594 quantum
1151 538 1366 588 licuisset,
1409 539 1641 594 perfectam
1689 538 1718 578 ¹.

397 614 579 671 «Atque
605 615 804 674 equidem
832 615 973 668 miser,
992 630 1014 657 »
1039 615 1206 671 inquit,
1232 631 1345 672 «per
1370 615 1488 659 illam
1519 615 1717 667 ascendi,

399 699 499 734 «tot
524 691 733 749 susceptis
749 692 839 734 sine
867 706 1016 735 caussa
1031 692 1261 735 laboribus.
1288 694 1380 735 Non
1398 694 1525 743 enim,
1548 691 1721 746 juvenis

398 784 534 813 «cum
564 785 719 823 essem,
759 770 955 813 videbam
974 804 984 822 ‚
1015 769 1123 827 quid
1158 770 1308 813 melius
1342 778 1476 823 esset,
1516 769 1590 814 sed
1623 784 1719 812 vere

399 847 579 890 «dicere
611 854 784 904 poetam
828 848 953 890 illum
995 847 1221 903 putabam,
1257 863 1306 890 ex
1343 848 1561 891 laboribus
1601 848 1717 890 nasci

398 941 421 965 «
439 926 549 970 hona
578 925 813 978 dicentem3
851 925 922 968 sed
951 940 1016 967 res
1047 926 1108 967 sic
1136 940 1179 967 se
1216 940 1302 967 non
1333 925 1551 969 habebat»
1578 927 1610 967 ².

452 1005 596 1061 Longe
622 1004 815 1060 profecto
850 1004 1063 1047 diversum
1094 1004 1177 1046 fuit
1205 1005 1471 1063 antiquitatis
1501 1003 1688 1046 studium
1707 1037 1718 1055 ,

394 1082 522 1139 quale
559 1081 769 1123 Lucianus
794 1082 1016 1138 probavit,
1050 1097 1074 1124 a
1113 1063 1303 1137 specioso
1332 1082 1433 1133 illo,
1478 1096 1564 1139 quo
1594 1083 1720 1123 etiam

394 1160 591 1217 plerique
612 1160 811 1201 levissimi
852 1160 1123 1217 eloquentiae
1164 1160 1348 1201 artifices
1386 1159 1637 1217 aequalibus
1677 1173 1721 1199 se

396 1237 694 1280 commendare
729 1237 935 1280 solebant.
982 1238 1128 1294 Ipsum
1154 1238 1429 1296 antiquorum
1456 1236 1579 1278 illum
1616 1250 1718 1277 con-

396 1323 641 1368 temtorem,
673 1316 747 1373 qui
774 1317 959 1359 faciliori
989 1315 1243 1372 sophisticae
1271 1317 1363 1358 viae
1393 1331 1418 1359 a
1440 1323 1584 1358 nostro
1598 1329 1721 1371 prae-

395 1392 567 1443 ficitur,
601 1393 859 1448 discipulum
894 1407 1017 1434 suum
1043 1392 1270 1447 jubentem
1309 1393 1500 1435 videmus
1534 1393 1721 1449 antiquis

398 1470 533 1510 verbis
576 1469 654 1511 uti.
711 1470 763 1510 Et
799 1470 965 1524 saepius
1007 1477 1156 1511 contra
1200 1469 1414 1510 Lucianus
1452 1469 1721 1523 κακοζηλίαν

398 1563 549 1589 eorum
581 1547 766 1599 notavit,
816 1549 892 1604 qui
921 1548 988 1589 vel
1018 1561 1070 1588 ex
1106 1548 1382 1604 antiquorum
1410 1547 1513 1588 locis
1537 1547 1722 1602 splendi-

395 1624 470 1668 dos
498 1632 700 1668 centones
728 1624 1074 1668 consarcinarent
1102 1636 1142 1677 ³,
1179 1625 1246 1667 vel
1282 1624 1463 1667 obscura
1495 1624 1723 1667 verborum

395 1709 603 1744 vetustate
627 1702 806 1744 orationi
831 1716 931 1744 suae
952 1701 1202 1759 dignitatem
1227 1701 1455 1744 conciliare
1478 1701 1721 1744 studerent:

396 1783 494 1829 τούς
517 1782 829 1836 ὑπεραττίκους
868 1778 980 1823 εἶναι
1008 1781 1240 1830 ἀξιοῦντας
1274 1782 1347 1822 καὶ
1375 1783 1455 1834 τὴν
1483 1782 1632 1833 φωνὴν
1649 1782 1723 1827 εἷς

398 1860 453 1901 τὸ
510 1860 877 1915 ἀρχαιότατον
932 1858 1317 1916 ἀπηκριβωμένως
1344 1862 1374 1900 ¹¹.
1429 1856 1516 1899 Nec
1554 1856 1721 1906 solum,

397 1936 499 1994 quia
535 1935 718 1978 ridicula
754 1950 926 1992 prorsus
968 1937 1280 1979 inconcinnitas
1319 1950 1419 1978 cum
1458 1934 1609 1992 putida
1644 1935 1723 1977 ista

396 2014 684 2056 aemulatione
716 2013 947 2069 conjuncta
981 2018 1079 2056 csse‘
1094 2015 1256 2057 solebat
1282 2016 1298 2038 ⁵
1312 2047 1322 2066 ,
1343 2020 1385 2056 et
1406 2013 1638 2056 sententiae
1658 2013 1721 2055 vel

396 2092 552 2134 invitae
593 2092 760 2148 provisa
801 2093 929 2135 verba
974 2094 1096 2151 sequi
1140 2093 1408 2149 cogebantur
1436 2098 1484 2143 ὅ,
1524 2090 1598 2133 sed
1625 2092 1725 2149 quia

450 2309 462 2327 1
489 2304 557 2334 Nou
580 2310 682 2335 tamen
710 2305 824 2336 idcirco
841 2305 913 2335 libri
930 2306 1092 2336 consilium
1109 2316 1172 2335 non
1190 2305 1289 2336 multo
1306 2306 1421 2345 magis,
1438 2305 1590 2336 derisione
1610 2315 1729 2343 pervor-

396 2371 447 2391 κᾶε
459 2383 469 2399 ,
487 2370 578 2399 quam
600 2361 858 2392 commendatione
879 2361 1016 2400 propriae
1035 2361 1193 2402 cujusdam
1214 2361 1342 2391 rationis
1358 2361 1539 2391 censendum
1559 2366 1615 2391 est.

447 2426 463 2445 2
489 2423 548 2456 Rh.
569 2423 620 2455 Pr.
639 2435 666 2455 c.
689 2423 720 2455 8.

457 2488 472 2509 3
499 2486 570 2517 vid.
588 2487 640 2518 Bis
658 2490 767 2520 Aecus.
789 2499 816 2519 c.
833 2486 896 2524 26;
924 2487 995 2520 Jov.
1015 2487 1159 2530 Tragoed.
1185 2501 1213 2520 c.
1236 2488 1275 2520 14
1289 2514 1298 2530 ‚
1323 2488 1364 2520 15
1380 2489 1459 2526 init;
1479 2489 1629 2531 Quomod.
1648 2488 1730 2519 nist.

401 2541 527 2573 consor.
557 2554 586 2574 c.
608 2543 661 2574 15.

445 2608 467 2631 4
494 2605 661 2646 Lexiphan.
682 2619 710 2639 c.
732 2607 794 2649 25,
811 2606 872 2644 20;
895 2609 971 2640 Vita
988 2609 1113 2641 nemon.
1134 2621 1161 2640 c.
1182 2607 1242 2645 26;
1265 2610 1375 2651 Quom.
1398 2610 1477 2641 Hist.
1495 2610 1618 2642 Conscr.
1637 2611 1729 2641 cal—¹1.

449 2670 462 2690 3
496 2670 606 2710 Quom.
632 2670 713 2703 Hist.
735 2682 852 2702 conscr.
870 2684 897 2703 c.
921 2671 984 2712 16,
1006 2672 1069 2709 22;
1088 2673 1212 2720 Leffipli.
1234 2684 1261 2706 c.
1281 2673 1334 2705 ¹25.

442 2730 461 2754 ⁶
497 2735 606 2776 Quom.
628 2736 708 2768 nist.
729 2737 852 2768 consor.
873 2749 899 2768 c.
922 2736 982 2773 15;
1009 2738 1134 2778 Lexipli.
1153 2750 1181 2770 c.
1200 2736 1253 2768 24.
