2154 3500
1005 263 1016 281 Ι

1000 263 1051 303 47

418 391 611 447 Denique
631 389 776 442 miror,
804 403 890 432 non
916 389 1144 433 offendisse
1164 390 1274 433 viros
1291 388 1365 434 dd.
1385 404 1515 449 quam
1545 391 1690 434 incon·

358 470 488 512 cinne
542 466 720 511 Archias
737 500 749 520 ,
790 480 925 524 quum
967 466 1226 509 ostendenda
1266 467 1380 525 regis
1426 466 1692 512 humanitate

351 548 496 589 vivum
522 545 850 590 Demosthenem
872 561 896 589 e
924 545 1086 602 templo
1114 545 1329 589 deducere
1349 552 1546 599 conetur,
1566 555 1690 590 nota-

355 626 441 666 rios
482 631 623 666 tamen
665 624 811 667 adesse
848 631 992 676 curet,
1042 624 1118 682 qui
1165 622 1255 678 ejus
1293 625 1416 668 dicta.
1461 624 1689 681 Antipatro

353 711 521 745 servent
542 716 555 738 1
579 720 590 757 3
614 704 734 760 quasi
761 703 888 745 simul
915 703 1144 745 divinasset
1162 736 1173 755 ,
1208 710 1298 745 tum
1325 705 1466 759 ipsum
1483 703 1537 746 ad
1554 704 1688 747 liber-

354 788 485 824 tatem
510 797 629 825 suam
667 781 872 825 tuendam
902 781 1117 823 munitum
1149 795 1237 823 esse
1267 795 1431 825 veneno
1451 816 1463 835 ,
1495 781 1540 825 id
1570 783 1687 840 quod

352 867 449 915 post
477 858 569 914 ejus
596 868 778 903 mortem
815 859 989 902 demum
1027 873 1077 902 ex
1108 859 1269 902 ancilla
1295 861 1497 917 cognovit
1517 873 1532 896 2
1550 894 1561 912 ,
1596 868 1688 903 tum

351 936 576 980 novissima
604 936 695 991 ejus
719 937 868 988 verba,
899 950 1043 979 coram
1069 943 1154 977 tam
1178 936 1367 994 indignis
1391 937 1686 986 auditoribus,

350 1013 410 1056 ita
429 1014 476 1055 in
491 1014 692 1057 orationis
714 1021 948 1071 perpetuae
970 1013 1145 1057 modum
1163 1021 1347 1057 tractum
1369 1014 1444 1066 iri,
1462 1022 1511 1057 ut
1529 1015 1687 1072 scripto

350 1090 592 1134 mandanda
613 1091 776 1144 forent,
813 1091 930 1148 quod
947 1091 1125 1148 quidem
1144 1100 1261 1134 certe
1286 1099 1455 1148 praeter
1473 1094 1685 1135 recentio-

350 1183 442 1211 rem
466 1168 698 1226 sophistam
718 1185 842 1213 nemo
856 1171 1084 1228 quisquam
1097 1171 1238 1227 potuit
1251 1170 1518 1227 praevidere.
1537 1171 1688 1214 Istius-

353 1247 467 1290 modi
492 1249 747 1307 figmentum
774 1264 861 1291 non
883 1262 1106 1305 possumus
1127 1264 1206 1306 pro
1233 1250 1447 1293 Lucianeo
1471 1249 1644 1293 habere.

410 1401 673 1460 Nigrinum
696 1412 874 1459 propter
896 1405 1098 1460 temporis
1121 1413 1164 1446 et
1181 1406 1423 1462 argumenti
1442 1404 1685 1447 similitudi-

351 1483 514 1524 nemin
530 1483 837 1537 posterioribus
861 1482 1041 1523 Luciani
1066 1482 1237 1537 scriptis
1265 1496 1551 1524 numeramus.
1579 1482 1684 1524 Cum

346 1559 578 1601 Wielando
598 1571 613 1594 ³
630 1566 831 1615 putamus
847 1592 859 1611 ‚
888 1559 1126 1602 Lucianum
1152 1573 1251 1601 eum
1279 1558 1496 1614 scripsisse
1512 1592 1524 1612 ,
1550 1572 1684 1616 quum

343 1634 436 1691 jam
484 1635 772 1678 constituisset
788 1669 799 1687 ,
845 1636 971 1678 misso
1013 1635 1229 1679 rhetorico
1273 1635 1413 1697 officio
1429 1667 1441 1687 ,
1496 1635 1684 1680 Athenas

347 1715 584 1756 concedere
615 1714 654 1757 ⁴.
687 1714 907 1756 Sententia
944 1722 1031 1756 tota
1064 1715 1232 1756 satirica
1272 1721 1357 1766 est3
1401 1714 1538 1757 forma
1584 1729 1684 1756 vero

349 1792 539 1834 nondum
582 1792 755 1848 propria
797 1792 874 1835 illa
914 1792 1100 1848 comica,
1137 1791 1210 1834 sed
1239 1791 1285 1834 in
1313 1791 1485 1835 exordio
1522 1799 1564 1834 et
1596 1792 1683 1835 fine

347 1872 597 1916 adornatam
621 1872 751 1915 habet
776 1871 988 1915 Platonici
1019 1870 1181 1929 dialogi
1205 1871 1504 1916 imitationem.
1529 1872 1683 1915 Trans-

394 2053 405 2076 ¹
428 2065 459 2085 e.
489 2054 552 2092 44,
589 2051 651 2084 καὶ
688 2052 758 2097 γὰρ
796 2041 859 2084 οὖν
893 2051 1126 2097 ὑπογραφέας
1150 2038 1450 2097 πᾶρεστησάμην,
1475 2050 1535 2084 ἵνα
1560 2062 1612 2085 σοι
1637 2054 1684 2085 τὰ

348 2112 532 2156 λεχθέντα
550 2109 710 2152 σώζοιτο.

397 2179 414 2197 2
443 2188 470 2209 c.
485 2174 540 2207 49.
565 2174 695 2206 Archias
712 2179 824 2211 autem,
846 2173 937 2205 etiam
954 2181 1113 2215 postquam
1134 2174 1179 2216 (c.
1195 2174 1252 2219 47)
1269 2176 1408 2216 precibus
1425 2181 1456 2207 et
1471 2175 1563 2207 minis
1570 2176 1682 2207 frustra

352 2246 427 2266 usus
445 2239 492 2265 est
509 2233 551 2276 (c.
569 2230 624 2274 48)
637 2255 647 2271 ,
663 2231 695 2261 vi
713 2242 782 2261 eum
801 2231 920 2261 vivum
939 2231 1099 2263 detrahere
1117 2244 1134 2264 e
1152 2232 1265 2272 templo
1283 2232 1395 2274 cogitat
1411 2231 1507 2275 (quod
1518 2231 1676 2263 nemosth.

347 2291 440 2322 verba
454 2287 631 2329 testantur).
655 2287 758 2327 Neque
786 2293 887 2318 tamen
908 2287 1074 2318 existimari
1090 2294 1207 2328 potest,
1227 2288 1294 2318 ideo
1319 2288 1434 2319 scribas
1454 2287 1627 2327 adposuisse
1649 2294 1683 2317 ut

345 2358 409 2378 una
425 2357 493 2377 cum
520 2344 592 2376 vivo
616 2343 816 2374 Demosthene
845 2344 1069 2376 contumeliosa
1087 2345 1156 2385 ejus
1174 2344 1208 2375 in
1226 2344 1405 2375 Macedones
1423 2343 1515 2375 verba
1534 2343 1572 2373 ad
1589 2342 1684 2373 Anti-

346 2408 466 2441 patrum
484 2401 614 2431 deferret
625 2422 634 2439 ,
660 2399 771 2439 quippe
795 2409 832 2429 eo
850 2400 981 2429 consilio
1000 2400 1155 2438 prodendo
1172 2399 1268 2439 ipsam
1287 2399 1394 2429 salutis
1410 2409 1491 2437 spem
1503 2420 1513 2436 ,
1532 2408 1593 2437 qua
1614 2400 1683 2437 pel-

347 2458 441 2489 licere
459 2467 527 2489 eum
546 2468 572 2487 c.
591 2456 652 2496 43,
667 2455 710 2487 44
721 2478 731 2495 ,
748 2454 810 2496 47,
827 2454 985 2496 studebat,
1004 2455 1183 2487 sublaturus
1202 2456 1313 2487 fuerat.

393 2521 411 2544 ³
438 2520 608 2559 Wielmd,
632 2519 687 2550 Th.
716 2519 751 2560 1,
779 2519 811 2552 S.
834 2518 894 2559 18,
918 2520 969 2551 cui
989 2520 1153 2551 assentitur
1177 2519 1316 2558 Schoell,
1333 2518 1445 2550 Gesch.
1464 2518 1518 2548 der
1533 2517 1587 2547 Gr.
1605 2517 1679 2547 litt.

348 2579 404 2610 Bd.
425 2576 459 2608 ΙΙ
473 2601 483 2618 ,
510 2576 541 2606 S.
564 2574 644 2608 476.
676 2575 875 2607 Anthentiam
894 2575 967 2607 libri
978 2575 1137 2608 addubitat
1146 2574 1299 2615 Rankius,
1310 2573 1424 2606 Pollux
1438 2579 1470 2606 et
1489 2572 1562 2605 [uc.
1574 2583 1604 2613 p.
1621 2570 1678 2605 23.

393 2647 413 2672 4
435 2638 559 2681 Dialogi
579 2649 668 2670 scena
685 2649 778 2680 prope
796 2639 923 2672 Romam
940 2646 986 2672 cst
997 2664 1006 2681 ‚
1024 2639 1163 2671 Athenas
1182 2644 1283 2669 autem
1298 2638 1447 2680 cogitasse
1466 2637 1681 2679 Lumoolligas

347 2708 385 2727 ex
404 2693 464 2730 c.3
481 2702 512 2727 et
532 2694 574 2727 12
603 2706 669 2736 sqq.
698 2696 846 2735 Scriptum
875 2709 940 2728 esse
962 2698 1112 2737 dialogum
1135 2707 1225 2736 quum
1248 2696 1311 2736 jam
1331 2695 1526 2736 demigrasset
1545 2694 1621 2727 Luc.
1642 2706 1678 2725 ex

347 2754 480 2794 praefixa
498 2752 631 2794 epistola
649 2759 785 2793 apparet.
