2154 3500
0 1488 16 1876 ——qp——im
3 1352 24 1480 “⁶2⁶’'

999 280 1053 319 73

388 409 465 464 (τῷ
503 405 785 465 Περεγρίνῷ).
836 408 970 449 Recte
1012 406 1312 449 animadvertit
1344 404 1499 448 Wetzl.
1520 437 1530 455 ‚
1569 419 1608 460 p.
1644 407 1667 448 7
1692 438 1702 456 ‚

383 484 598 525 diversum
624 492 739 527 certe
768 484 813 529 h.
848 485 879 526 l.
913 484 994 525 iter
1021 484 1252 541 significari
1284 483 1340 525 ab
1371 497 1446 534 eo,
1478 496 1566 539 quo
1598 483 1702 526 ado-

382 562 546 605 lescens
573 562 760 619 primum
789 563 834 605 in
861 562 1085 605 Graeciam
1108 562 1246 616 venit3
1272 577 1296 605 e
1315 561 1386 612 Bis
1410 561 1566 604 Aecus.
1590 562 1701 603 enim

381 639 675 699 intelligimus,
688 639 1197 697 Lucianum,anteaquam
1208 639 1253 682 in
1266 638 1492 684 Graeciam
1505 639 1706 697 migraret

382 718 645 775 aliquamdiu
671 719 716 760 in
748 719 871 762 Jonia
901 717 1140 761 rhetoricae
1165 733 1338 775 operam
1356 718 1522 761 dedisse
1540 717 1597 778 (c.
1618 719 1674 760 27
1690 751 1701 768 ‚

382 800 476 851 περὶ
491 802 570 852 τὴν
585 799 768 844 Ἰωνίαν
783 801 961 855 εὑροῦσα
976 793 1512 854 πλαζόμενον-ἐπαίδευσα
1526 814 1610 840 mr.
1623 795 1704 854 λ.);

377 875 541 919 idcirco
573 875 627 919 de
654 875 795 932 primo
821 875 869 919 in
898 875 1033 933 ipsam
1062 874 1287 920 Graeciam
1306 874 1491 918 adventu
1510 874 1704 918 dicturus

380 952 520 1008 potius
541 953 703 995 fuerat:
730 956 801 998 ὁτὲ
829 940 1046 1008 ἦκονγοέτέ
1081 953 1313 1003 Ἰωνίας.
1346 951 1524 995 Accedit
1545 984 1558 1005 ,
1587 951 1701 1009 quod

379 1031 555 1073 verbum
572 1031 710 1075 πάλαι
723 1031 770 1074 in
784 1032 958 1090 Peregr.
972 1045 1011 1076 c.
1034 1033 1105 1082 43.
1122 1031 1261 1074 verbis
1288 1031 1447 1074 laudat.
1465 1045 1551 1073 non
1564 1037 1702 1086 potest

377 1108 428 1149 ad
464 1115 674 1151 remotum
703 1116 871 1166 tempus
902 1110 1074 1161 referri,
1103 1109 1206 1166 quia
1235 1124 1321 1162 res,
1356 1123 1461 1166 quas
1488 1106 1625 1152 amico
1659 1122 1702 1149 se

380 1193 471 1242 post
502 1186 727 1230 adventam
755 1202 946 1231 narrasse
972 1187 1054 1242 ait,
1082 1201 1169 1230 non
1195 1186 1406 1244 ejusmodi
1431 1194 1530 1230 suut
1548 1220 1560 1240 ,
1582 1192 1631 1229 ut
1648 1186 1701 1229 ad

378 1265 529 1308 veteris
571 1266 777 1324 colloquii
825 1267 1072 1310 memoriam
1116 1266 1170 1310 de
1217 1266 1269 1309 iis
1307 1280 1541 1322 provocare
1572 1265 1701 1309 facile

378 1343 598 1396 potuisset.
618 1345 786 1386 ——Non
820 1344 939 1387 aliud
966 1351 1110 1387 autem
1140 1345 1222 1388 iter
1253 1358 1303 1386 eo
1339 1344 1434 1387 loco
1469 1343 1701 1402 significari

380 1419 570 1472 videtur,
611 1429 740 1479 atque
771 1421 844 1473 id,
880 1422 996 1479 quod
1027 1422 1072 1463 in
1117 1420 1382 1464 Alexandro
1420 1428 1701 1464 memoratum

333 1490 334 1493 ¹
379 1497 587 1552 videmus;
620 1498 664 1539 in
691 1512 778 1554 quo
797 1531 807 1550 ,
836 1513 972 1555 quum
1006 1511 1047 1540 c.
1071 1502 1153 1550 55,
1183 1500 1238 1541 56
1256 1531 1268 1549 ‚
1293 1512 1370 1554 per
1389 1497 1699 1554 Cappadociam

377 1583 418 1618 ct
447 1574 781 1635 Paphlagoniam
811 1576 1023 1620 Amastrin
1047 1576 1094 1619 in
1121 1575 1365 1635 Bithyniam
1389 1575 1607 1633 profectus
1623 1575 1698 1626 sit,

374 1671 395 1694 e
423 1654 544 1711 Syria
584 1654 750 1696 videtur
779 1655 1003 1698 Graeciam
1031 1668 1176 1696 versus
1202 1654 1347 1703 ivisse,
1379 1667 1560 1709 eamque
1590 1653 1696 1694 viam

375 1731 537 1782 tenuit,
572 1745 657 1787 qua
697 1731 1040 1773 commodissime
1065 1730 1224 1773 deinde
1252 1745 1274 1772 e
1298 1730 1459 1773 Troade
1490 1730 1533 1772 in
1563 1730 1698 1772 Grae—

371 1809 480 1851 ciam
521 1807 732 1851 transvehi
766 1809 919 1864 potuit.
953 1809 1043 1851 Hoc
1070 1809 1204 1866 igitur
1225 1810 1333 1863 iter,
1357 1809 1390 1850 si
1417 1816 1515 1851 ante
1536 1823 1696 1851 annum
1727 1854 1731 1857 ,

367 1886 506 1931 CLXV
538 1887 777 1942 perfectum
817 1893 907 1938 est,
936 1894 983 1928 ut
1011 1886 1160 1943 perfici
1193 1887 1383 1944 potuisse
1405 1901 1533 1943 supra
1555 1887 1694 1943 expli-

368 1964 558 2006 cavimus
578 1997 588 2020 ,
609 1972 749 2007 tamen
765 1997 776 2018 ,
806 1978 940 2022 quum
967 1963 1171 2007 inciderit
1198 1964 1242 2007 in
1258 1964 1432 2008 ultimos
1447 1979 1579 2008 annos
1595 1957 1695 2022 pro-

368 2042 519 2097 phetae
559 2043 816 2093 Alexandri,
857 2044 934 2100 qui
980 2043 1107 2087 etiam
1141 2044 1350 2101 flagrante
1385 2044 1694 2086 Marcomanico

302 2145 305 2148 -
369 2119 480 2161 bello
506 2120 730 2162 oraculum
760 2118 902 2175 dedit,
936 2135 1021 2163 non
1052 2120 1189 2163 multo
1214 2120 1335 2176 prius
1366 2119 1449 2163 hac
1477 2135 1590 2163 anno
1606 2135 1694 2163 esse

366 2200 519 2254 potuit,
565 2200 708 2257 Atque
753 2200 832 2242 sub
877 2199 1016 2257 ipsum
1055 2199 1137 2243 hoc
1171 2207 1337 2256 tempus
1363 2199 1598 2243 Lucianum
1624 2201 1698 2244 iti-

356 2293 468 2333 ,nera
499 2279 648 2322 fecisse
675 2286 875 2336 apparet,
908 2280 953 2321 in
990 2280 1151 2338 Qum.
1188 2278 1311 2321 Hice.
1336 2278 1518 2324 Comer.
1543 2293 1583 2324 c.
1615 2281 1691 2332 14,

364 2371 460 2399 nam
490 2357 569 2399 sub
602 2357 730 2399 finem
751 2355 938 2399 Parthici
972 2356 1104 2405 belli,
1129 2356 1157 2399 i.
1184 2371 1220 2399 e.
1242 2356 1415 2399 circiter
1437 2371 1476 2400 a.
1502 2356 1690 2408 CLXIV,

363 2444 449 2477 tam
483 2436 527 2477 in
566 2437 686 2478 Jonia
722 2450 854 2492 quam
891 2437 937 2477 in
967 2435 1146 2479 Graecia
1170 2439 1399 2495 scriptores
1426 2434 1558 2490 hujus
1586 2434 1689 2477 belli

358 2530 557 2572 praesens
583 2516 760 2560 audivit.
795 2517 1011 2561 Samosata
1043 2518 1089 2559 in
1115 2517 1242 2559 robus
1274 2516 1460 2559 Parthici
1485 2516 1587 2559 belli
1610 2516 1689 2559 ali-

359 2606 463 2650 quas
499 2602 639 2651 partes
682 2594 902 2648 hahuisse,
929 2610 968 2640 c.
1008 2597 1064 2639 24
1093 2595 1304 2645 videmus,
1344 2602 1473 2652 atque
1502 2610 1524 2638 e
1560 2609 1596 2638 c.
1637 2598 1716 2655 15,

360 2674 563 2730 suspicari
595 2675 697 2717 licet
714 2709 724 2726 ‚
752 2683 913 2733 pestem
938 2690 1051 2726 eam,
1077 2673 1187 2733 quae
1214 2676 1257 2718 in
1282 2675 1515 2734 Babylonia
1547 2683 1688 2719 exorta

365 2755 559 2813 (Capitol.
592 2756 634 2797 in
665 2756 707 2798 L.
743 2756 840 2799 ver.
884 2772 920 2801 c.
954 2760 1007 2809 8;
1052 2756 1095 2798 in
1132 2757 1184 2799 M.
1214 2756 1310 2799 Ant.
1346 2770 1383 2800 c.
1423 2755 1519 2812 13),
1547 2757 1684 2798 statim
