2154 3500
984 262 1033 304 51

349 394 600 448 scriptorem
622 390 819 435 videntur
843 388 1023 445 prodere
1048 390 1091 433 in
1121 389 1541 448 peculiariquodam
1568 390 1674 433 scri-

346 468 477 512 bendi
508 482 664 526 genere
687 467 877 522 nondum
908 466 1034 523 plane
1063 458 1385 520 confirmatum»,
1414 482 1499 510 non
1526 482 1674 525 possu-

351 561 559 589 musrnon
589 548 715 588 simul
748 546 985 587 fecundum
1027 545 1136 586 illud
1160 546 1348 592 ,Luciani
1385 559 1437 587 ac
1481 547 1674 587 versatile

349 627 571 683 ingenium
588 640 834 684 agnoscere,
847 624 963 683 quod
981 623 1286 679 paratissimam
1304 624 1515 666 variarum
1532 637 1676 666 rerum

351 703 518 759 copiam
557 704 738 747 maxime
780 702 1025 761 quibusque
1067 700 1316 757 opportunis
1356 701 1677 757 compositionis

352 794 518 836 semper
547 782 692 823 formis
718 779 873 822 induit.
907 779 1015 835 Tum
1033 778 1077 820 in
1104 774 1206 833 ipsis
1229 773 1519 835 exemplorum
1547 775 1677 820 lumi-

351 859 477 901 nibus
492 892 503 910 ,
531 860 578 901 in
605 858 965 914 descriptionibus
996 871 1140 901 rerum
1163 856 1354 898 sensibus
1373 856 1644 912 'objectarum
1662 891 1674 909 ‚

348 936 621 978 lucidissimis
638 935 847 986 historiis,
869 934 1026 977 fabulis
1041 942 1085 976 et
1104 933 1338 976 identidem
1363 933 1679 989 jucundissime

346 1015 536 1058 adhibita
579 1014 793 1070 dialogica
834 1014 971 1056 forma
998 1011 1010 1033 ¹

1016 1046 1028 1064 ‚
1067 1027 1179 1070 quae
1222 1013 1258 1054 si
1298 1013 1405 1070 quid
1439 1013 1558 1057 aliud
1587 1013 1678 1068 jam

351 1093 573 1149 proprium
603 1092 832 1150 quemdam
861 1099 903 1132 et
936 1090 1197 1147 singularem
1232 1081 1284 1131 iis
1312 1090 1494 1133 nitorem
1532 1092 1679 1133 couci—-

350 1171 479 1223 liant,
527 1169 746 1228 praesagia
784 1183 872 1211 esse
906 1167 1116 1221 videntur,
1153 1168 1291 1226 qualis
1319 1169 1502 1225 scriptor
1532 1176 1680 1225 postea

352 1250 521 1290 futurus
553 1248 629 1299 sit,
668 1262 801 1306 quum
826 1246 1079 1302 aequalibus
1107 1261 1150 1288 se
1178 1248 1266 1302 ipse
1300 1255 1560 1303 opponeret-3
1591 1262 1677 1290 non

354 1326 466 1367 enim
504 1325 842 1380 argumentando
876 1333 967 1366 tum
999 1325 1370 1378 potissimum'aut
1397 1324 1680 1367 declamando

355 1418 444 1445 rem
474 1418 592 1446 suam
620 1404 709 1461 egit
725 1436 736 1455 ,
767 1402 839 1444 sed
871 1402 1074 1458 exempla
1099 1402 1303 1444 stultitiae
1319 1416 1370 1444 ac
1394 1402 1614 1457 pravitatis
1628 1403 1681 1443 iis

356 1490 454 1524 ante
480 1481 627 1523 oculos
648 1479 789 1535 posuit
804 1511 815 1531 ,
836 1487 878 1520 et
902 1486 987 1520 tam
1006 1479 1140 1534 ipsoS‚
1169 1493 1300 1536 quam
1328 1479 1549 1534 opiniones
1567 1479 1682 1534 ipso-

358 1573 450 1601 rum
468 1566 510 1601 et
538 1565 777 1601 commenta
798 1555 1007 1614 dialogis
1034 1556 1119 1598 suis
1145 1557 1191 1598 in
1215 1556 1395 1599 scenam'
1409 1548 1629 1612 produxit.

415 1636 577 1691 Quodsi
605 1636 795 1678 nondum
819 1636 864 1677 in
887 1635 972 1676 illis
1000 1635 1128 1690 plane
1156 1649 1251 1677 suas
1282 1641 1423 1690 partes
1448 1635 1680 1687 sustineat,

354 1714 389 1753 si
418 1712 598 1754 rhetoris
623 1713 729 1754 adeo
758 1706 974 1753 interdum
996 1711 1280 1768 magisquam
1301 1725 1420 1753 suam
1448 1702 1650 1766 pietatem
1665 1738 1681 1763 ,-

355 1790 602 1848 gravitatem
618 1823 629 1841 ‚
658 1789 827 1831 civilem
854 1788 1055 1830 virtutem
1082 1795 1291 1840 ostentet,
1318 1788 1372 1831 ab
1398 1787 1531 1831 altera
1557 1796 1681 1844 parte

353 1868 541 1911 nondum
578 1868 623 1909 in
661 1867 712 1908 iis
744 1867 888 1923 prodit
917 1881 1009 1908 eam
1042 1865 1608 1924 popularium·religionum
1637 1870 1680 1909 et

353 1945 712 2003 philosopharum
741 1946 1033 1988 doctrinarum
1051 1944 1292 1997 irrisionem
1308 1977 1319 1997 ,
1336 1945 1410 1987 vel
1439 1944 1681 2001 despicien-

353 2028 456 2069 tiam
487 2041 580 2068 eam
611 2024 898 2068 humanarum<
925 2028 1087 2075 rerum3
1112 2024 1290 2081 quaein
1311 2021 1683 2079 praestantissimis

354 2104 598 2160 posterioris
619 2103 767 2146 aetatis
792 2102 962 2158 scriptis
986 2101 1275 2146 dominantur.
1306 2103 1588 2160 Agnoscimus
1617 2117 1683 2146 se·-

399 2293 411 2309 ¹
436 2287 621 2318 Historiae
647 2293 677 2317 et
691 2286 846 2326 fabulae
871 2287 903 2316 in
920 2288 1039 2318 multis:
1066 2289 1098 2318 in
1116 2287 1219 2328 Scyth.
1242 2298 1270 2317 s.
1300 2287 1393 2330 Hesp.
1421 2299 1450 2340 e..
1470 2288 1501 2320 1.
1534 2289 1575 2321 οὐ
1601 2295 1685 2334 χεῖ..

351 2354 412 2384 ρον
433 2342 512 2379 ἴσως
530 2342 797 2385 διηγήσασθαι,
823 2343 893 2374 inde
916 2355 943 2374 c.
958 2342 994 2383 2,
1016 2353 1082 2384 sqq.
1102 2355 1130 2374 c.
1148 2343 1189 2383 9,
1210 2342 1396 2383 βούλεσθε
1413 2342 1475 2375 οὖν
1498 2344 1575 2388 ἤδη
1591 2347 1686 2378 ἐπα-

349 2398 445 2439 ydra)
464 2397 514 2441 τῷ
533 2397 642 2440 μύθῳ
663 2398 705 2428 τὸ
723 2395 847 2434 τέλος,·
869 2398 1013 2448 Hampn.
1044 2409 1072 2428 c.
1093 2397 1110 2428 1
1125 2408 1134 2434 ;
1152 2397 1260 2428 Herod.
1281 2410 1311 2429 c.
1332 2398 1347 2428 1
1362 2388 1427 2438 ,¹¹13
1454 2399 1569 2431 Electr.
1587 2412 1615 2432 c.
1638 2400 1659 2432 2
1675 2426 1685 2442 ,

348 2453 381 2484 5.
407 2453 450 2484 De
470 2464 532 2483 non
549 2460 660 2483 temere
678 2453 757 2483 cred.
779 2453 903 2493 calum,
920 2465 948 2485 c.
964 2452 1063 2488 2—4;
1089 2464 1143 2492 pro
1161 2453 1261 2493 Imag.
1284 2465 1310 2486 c.
1332 2455 1371 2493 4,
1391 2453 1431 2493 5,
1449 2452 1493 2495 9,
1515 2454 1571 2488 14:
1597 2462 1684 2487 totus

346 2509 424 2541 dial.
441 2509 551 2540 Toxar.
565 2509 834 2550 Descriptiones
847 2519 984 2550 operum
994 2510 1099 2550 artis,
1110 2518 1162 2544 ex.
1173 2521 1201 2542 c.
1213 2510 1322 2540 Herod.
1335 2504 1408 2545 c.'5;
1421 2510 1519 2544 zeux.
1532 2522 1560 2541 c.
1572 2512 1683 2550 4-6;

348 2566 451 2606 Scyth.
471 2577 499 2596 c.
518 2564 539 2595 2
552 2589 560 2601 ,
587 2565 640 2607 (de
672 2566 789 2606 Domo,
805 2577 832 2597 c.
858 2564 989 2596 22—31
1006 2578 1014 2605 ;
1045 2565 1191 2605 Hippias,
1203 2577 1230 2596 e.
1252 2562 1359 2600 4-83
1381 2565 1418 2595 de
1435 2564 1483 2596 his
1500 2571 1603 2598 tamen
1621 2568 1684 2599 vid.

349 2623 450 2664 supr.)
462 2621 611 2662 Imagines
623 2644 632 2661 ,
643 2633 671 2653 c.
695 2623 795 2655 4-7.
821 2624 864 2654 De
882 2634 944 2657 non
963 2629 1034 2654 tem.
1055 2623 1135 2656 cred.
1156 2623 1220 2653 Cal.
1234 2634 1261 2653 c.
1273 2620 1310 2656 5;
1326 2621 1435 2653 Toxar.
1453 2634 1479 2654 s,
1491 2623 1595 2657 Amic.
1612 2637 1641 2657 c.
1650 2625 1685 2657 6.

357 2676 504 2718 Dialogi
529 2682 629 2706 :uitem
656 2683 774 2716 praeter
800 2676 896 2718 Imag.
927 2679 986 2709 Pro
1017 2678 1101 2717 Imag
1142 2677 1251 2708 Toxar.
1278 2676 1397 2711 Anach.
1431 2678 1493 2709 vid.
1524 2690 1572 2710 cx.
1595 2691 1624 2711 c.
1650 2681 1683 2711 iu

355 2733 499 2762 Hannon.
518 2744 545 2762 c.
570 2731 608 2772 l,
635 2730 674 2771 2;
701 2733 832 2773 Scytha⁷
854 2746 879 2763 (·.
905 2733 1016 2775 4-8;
1041 2734 1150 2764 Eleous.
1173 2745 1200 2765 c.
1222 2732 1241 2762 3
1265 2732 1316 2763 »5.
