2154 3500
382 414 1171 444 Atwnmmmwmsstflmmzm
1176 414 1367 436 ἱνὶῑὶὶἱῑὶ
1371 414 1389 434 ἱ
1393 413 1497 434 ὶὶἱνὶ
1502 412 1563 434 W!
1567 412 1693 434 nasu

745 628 1312 700 Pnoorulum.

922 823 1141 838 ——QO-—-

424 957 686 999 Graecorum
701 957 894 1011 profecto
910 955 1085 1013 ingenia
1102 955 1284 997 multum
1304 954 1480 1012 reliquis
1497 951 1694 1009 gentibus

368 1035 684 1089 praestiterunt.
718 1037 867 1098 Neque
888 1036 932 1077 id
960 1051 1010 1077 ex
1040 1050 1091 1077 eo
1118 1036 1257 1077 solum
1279 1034 1552 1091 intelligitur,
1579 1032 1693 1091 quod

370 1128 516 1155 omnes
547 1116 661 1157 omni
690 1123 879 1172 tempore
904 1122 1191 1173 agnoverunt,
1225 1114 1388 1156 nullam
1409 1112 1581 1156 laudem
1608 1126 1696 1154 esse

368 1196 615 1248 literarum,
659 1196 781 1252 cujus
816 1212 902 1239 non
939 1211 1069 1253 penes
1105 1195 1201 1238 illos
1234 1196 1499 1252 principatus
1538 1193 1692 1245 fuerit;

375 1286 518 1314 verum
544 1281 735 1329 tempora
769 1274 895 1316 etiam
930 1273 1291 1331 distinguentibus
1324 1280 1366 1314 et
1399 1278 1557 1314 aetates
1591 1284 1694 1312 con-

374 1350 646 1406 templatione
674 1351 1058 1406 complectentibus
1084 1358 1260 1407 apparet
1288 1350 1341 1393 de
1374 1350 1550 1394 Graecis
1575 1348 1698 1392 aliter

373 1434 502 1484 atque
527 1426 580 1468 de
608 1428 789 1469 aliarum
831 1430 1022 1485 gentium
1057 1428 1255 1471 laudibus
1280 1426 1567 1482 judicandum
1594 1440 1697 1468 esse.

372 1498 686 1560 Saepenumero
720 1505 766 1547 in
794 1505 947 1548 artium
996 1505 1374 1563 doctrinarumque
1407 1503 1583 1546 historia
1606 1503 1698 1545 ani-

374 1581 639 1624 madvertere
668 1582 792 1634 licet,
820 1583 963 1624 literas
989 1584 1186 1625 celeriter
1212 1583 1368 1638 arripi,
1414 1595 1700 1638 magnamque

378 1676 464 1703 uno
490 1668 679 1717 tempore
706 1662 1164 1717 praestantissimorum
1191 1662 1377 1703 virorum
1408 1675 1496 1702 esse
1517 1674 1703 1715 proven-

378 1748 468 1781 tum
485 1771 496 1789 ,
523 1747 613 1781 tum
636 1754 736 1782 vero
760 1740 898 1781 studia
919 1740 1211 1781 defervescere
1232 1746 1274 1780 et
1298 1738 1452 1780 sensim
1473 1738 1702 1793 paulatim-

377 1829 462 1872 que
480 1816 686 1871 extingui.
720 1817 860 1859 Prima
885 1831 984 1858 vero
1007 1817 1269 1859 Graecarum
1287 1815 1509 1858 literarum
1535 1822 1698 1865 aetate,

378 1908 488 1950 quae
518 1893 608 1934 fere
649 1894 819 1935 Poetica
852 1894 993 1935 vocari
1033 1894 1162 1944 solet,
1204 1900 1293 1935 erat
1319 1906 1419 1935 sane
1449 1906 1612 1934 summa
1640 1893 1700 1934 vis

376 1970 649 2028 ingeniorum
682 1977 724 2010 et
759 1971 900 2012 fervor
938 1970 1193 2028 divinusque
1227 1967 1525 2011 affiatuspNec
1558 1976 1701 2011 tamen

375 2049 451 2090 illc
475 2048 616 2089 fervor
641 2048 724 2089 suit
749 2049 800 2090 ad
829 2063 1008 2104 parvum
1032 2055 1197 2104 tempus
1218 2080 1229 2098 ‚
1259 2060 1398 2106 neque
1432 2046 1487 2089 ad
1513 2047 1703 2104 vigorem

379 2139 503 2168 suum
526 2125 708 2169 Graecia
732 2133 1014 2182 pervenerat,
1041 2140 1281 2184 praegnans
1306 2125 1388 2167 fuit
1413 2125 1489 2168 illa
1522 2132 1637 2168 aetas
1664 2132 1707 2166 et

381 2206 622 2260 parturiens
662 2213 709 2246 ut
742 2214 889 2260 postea
918 2207 1084 2248 fructus
1117 2213 1374 2262 apparerent
1404 2213 1519 2249 tanta
1549 2220 1705 2248 conce-

382 2282 527 2338 ptione
558 2282 815 2340 dignissimi,
860 2290 951 2326 tum
972 2318 983 2335 ,
1028 2299 1189 2342 quum,
1228 2290 1277 2325 ut
1310 2283 1364 2325 de
1388 2283 1484 2325 unis
1527 2282 1706 2325 Athenis

380 2361 596 2414 dicamus,
630 2368 748 2405 tanta
779 2362 1052 2420 ingeniorum
1070 2362 1192 2419 copia
1206 2362 1325 2405 illam
1350 2361 1501 2404 urbem
1517 2361 1707 2405 illustra-

380 2447 466 2490 ret,
486 2446 535 2480 ut
558 2440 633 2497 qui
658 2445 804 2495 postea
828 2454 877 2481 eo
896 2441 1077 2491 veniret,
1099 2454 1361 2499 quacunque
1375 2439 1675 2497 ingrederetur
1691 2474 1702 2491 ‚

377 2516 420 2557 in
444 2516 634 2574 aliquam
660 2515 877 2560 historiam
904 2518 1129 2576 vestigium
1151 2526 1343 2574 poneret.

438 2593 563 2650 Agite
584 2609 706 2637 vero:
734 2603 833 2639 sunt
861 2596 906 2639 in
937 2596 1063 2639 rebus
1085 2595 1302 2648 humanis,
1319 2611 1430 2654 quae
1456 2596 1536 2638 sibi
1558 2611 1707 2653 super-

380 2669 496 2712 stites
524 2669 761 2715 videantur.
801 2672 970 2717 Virtute
989 2674 1122 2716 crevit
1139 2674 1381 2716 Romanum
1403 2673 1633 2731 imperium
1653 2674 1707 2716 ad

383 2763 564 2807 eamque
595 2750 933 2807 magnitudinem
963 2760 1004 2794 et
1034 2752 1275 2794 firmitatem
1308 2752 1537 2795 fundatum
1570 2761 1611 2795 et
1636 2767 1706 2795 ex-

1467 2853 1481 2874 1
