2154 3500
1027 234 1084 274 39

389 362 618 406 consilium
645 374 670 402 a
696 359 884 403 Luciauo
913 359 1036 401 editis
1074 358 1160 402 duo
1187 359 1317 418 longe
1343 359 1651 416 praestantiora
1674 368 1716 402 et

389 454 493 496 prae
533 439 711 483 caeteris
740 438 833 494 jam
869 438 1002 494 ipsius
1040 438 1218 493 propria
1256 437 1464 493 opuscula
1503 437 1716 479 censenda

389 525 504 561 sunt.
519 505 722 574 *Dialogos
738 517 932 559 volumus
948 514 1017 558 De
1035 514 1266 558 Amicitia
1281 523 1325 559 et
1338 512 1409 558 D&
1426 513 1715 572 Gymnasiis.

388 598 482 640 Non
505 597 635 641 facile
664 596 902 655 quidquam
922 593 1162 650 jucundius
1189 602 1264 638 aut
1291 593 1480 638 lucidius
1506 609 1597 637 esse
1629 609 1717 651 po-

390 684 498 730 test,
553 691 683 734 quam
724 674 991 732 colloquium
1042 687 1128 731 quo
1165 674 1337 719 Toxaris
1388 682 1431 717 et
1472 674 1718 731 Mnesippus

390 755 500 797 inter
525 770 569 797 se
595 754 837 811 disceptant
864 760 1010 795 utrum
1037 750 1220 810 Scythae
1243 766 1300 794 an
1333 752 1491 795 Graeci
1518 752 1720 795 meliores

388 832 653 876 existimandi
680 832 765 874 sint
789 832 835 873 in
857 829 1123 887 praestandis
1142 829 1378 879 amicorum
1395 829 1560 877 officiis.
1576 830 1719 873 Nimia

389 912 591 955 orationis
625 911 868 953 volubilitas
902 917 945 952 et
982 904 1221 952 floridiorcs
1265 917 1525 962 venustates,
1559 910 1718 967 quibus

386 990 591 1047 juvenilis
620 980 802 1045 scriptor
835 987 1113 1046 agnoscitur,
1146 1001 1197 1029 eo
1234 987 1375 1029 minus
1414 989 1610 1046 ingratae
1644 1003 1717 1032 ac-

389 1068 562 1119 cidunt,
604 1083 691 1124 quo
728 1067 951 1110 candidius
986 1067 1077 1121 ipse
1102 1065 1248 1121 prodit
1268 1054 1489 1110 conscium
1511 1067 1722 1124 quodam-

390 1148 516 1191 modo
538 1162 582 1190 se
609 1148 691 1190 sibi
722 1162 811 1190 esse
833 1146 952 1189 illius
976 1145 1090 1197 vitii,
1123 1144 1197 1188 sed
1226 1146 1348 1202 quasi
1375 1146 1557 1189 invitum
1574 1146 1721 1189 indul-

392 1241 493 1285 gere
520 1225 611 1281 ejus
640 1225 836 1268 suavitati
861 1225 890 1268 ¹.
923 1224 1112 1267 Moribus
1136 1221 1363 1281 utriusque
1389 1225 1574 1268 nationis
1600 1225 1721 1267 miri-

389 1306 470 1347 fice
484 1304 801 1346 accommodata
817 1303 1023 1359 exempla,
1038 1302 1195 1360 quibus
1214 1303 1419 1360 utrinque
1434 1303 1721 1360 producendis

390 1390 478 1426 tota
519 1382 750 1438 disputatio
775 1381 919 1439 agitur
939 1414 950 1433 ,
988 1380 1067 1423 etsi
1100 1380 1353 1436 interposito
1386 1381 1555 1425 ludicro
1591 1381 1721 1438 jure-

383 1460 572 1517 jurando
606 1474 754 1502 eorum
787 1457 896 1501 fides
930 1465 1217 1509 asseveratur,
1251 1472 1339 1499 non
1365 1458 1492 1500 modo
1532 1459 1723 1517 singula-

391 1553 482 1583 rem
510 1538 693 1581 nitorem
716 1537 928 1581 narrantis
947 1537 1123 1594 ingenio
1148 1534 1306 1579 debere
1333 1536 1406 1579 sed
1431 1538 1588 1593 partim
1617 1539 1724 1581 adeo

390 1618 446 1661 ab
469 1619 561 1675 ipso
588 1617 761 1660 inventa
781 1632 869 1659 esse
891 1614 1091 1658 videntur
1116 1613 1158 1669 ²3
1191 1614 1381 1657 animum
1402 1623 1546 1660 autem
1568 1619 1724 1674 passim

393 1695 624 1739 ostendunt
662 1709 762 1737 cum
806 1695 1038 1736 teneriores
1069 1696 1281 1738 amicitiae
1307 1693 1484 1736 affectus
1517 1702 1609 1737 tum
1634 1695 1726 1751 ejus

391 1773 662 1815 efficientiam
679 1773 723 1814 in
744 1772 830 1813 vita
848 1771 1019 1827 penitus
1042 1772 1328 1827 amplexatum
1354 1769 1385 1814 ³.
1417 1772 1725 1816 Verumtamen

389 1852 471 1893 hoc
499 1865 675 1907 quoquc
708 1851 879 1892 nomine
907 1850 1017 1892 liber
1044 1850 1120 1892 ille
1156 1865 1181 1891 a
1208 1850 1517 1906 posterioribus
1547 1852 1722 1895 Luciani

388 1929 555 1985 scriptis
580 1927 787 1970 diversam
815 1934 1011 1970 naturam
1033 1924 1161 1969 habet
1176 1960 1187 1979 ‚
1221 1934 1271 1969 ut
1295 1927 1465 1969 satirica
1485 1928 1592 1970 ratio
1614 1943 1721 1971 non-

388 2008 492 2050 dum
516 2008 562 2049 in
591 2021 641 2049 eo
669 2014 874 2062 appareat
901 2004 916 2026 ⁴*
944 2013 987 2046 et
1027 2007 1225 2047 universa
1261 2007 1454 2064 quamvis
1496 2006 1719 2049 luculenta

434 2140 446 2164 1
474 2141 588 2184 Scytha
606 2141 639 2173 in
659 2140 768 2173 Graeci
786 2142 950 2174 adversarii
962 2142 1152 2174 sermonibus
1170 2142 1276 2174 illudit
1293 2141 1335 2174 τὸ
1354 2139 1653 2184 καλλιλογεῖσθαι
1664 2166 1673 2183 ,
1692 2155 1720 2175 c.

388 2198 451 2236 35,
476 2205 508 2228 et
532 2197 650 2235 κομψὰ
677 2197 979 2237 ἔνκαταμιγνὺναι
1003 2198 1054 2240 τῷ
1082 2197 1193 2240 λόγῳ,
1213 2211 1241 2229 c.
1263 2197 1328 2234 42.
1349 2209 1421 2229 mox
1441 2208 1514 2228 vero
1533 2198 1597 2237 ipse
1619 2200 1723 2231 eodem

390 2252 468 2284 vitio
485 2257 589 2293 peccat
603 2257 636 2283 et
659 2252 740 2292 apud
758 2250 948 2292 Mnesippum
975 2252 1008 2283 in
1035 2252 1223 2293 prolixitatis
1240 2263 1313 2283 suae
1337 2252 1599 2292 reprehensionem
1623 2253 1723 2284 incur-

390 2310 446 2344 rit,
469 2320 497 2339 c.
518 2307 576 2339 56.

436 2367 452 2393 ²
473 2369 695 2413 Jusjurmdum
712 2370 776 2405 vid.
798 2369 946 2412 Toxaris,
963 2381 990 2402 c.
1020 2369 1082 2411 11,
1112 2368 1165 2401 12.
1192 2370 1401 2413 Jurisjurandi
1434 2375 1536 2400 nutem
1562 2369 1656 2410 fides,
1687 2371 1719 2400 in

387 2426 539 2465 Scythicis
565 2432 645 2457 certe
662 2427 914 2466 narrationibus,
934 2428 966 2456 in
987 2427 1054 2465 ipso
1076 2426 1355 2466 dinlogo.ridetur,
1372 2436 1402 2456 V.
1419 2436 1447 2455 c.
1469 2425 1511 2456 35
1523 2444 1531 2459 ‚
1551 2424 1605 2456 56.
1630 2426 1720 2457 Cous.

387 2480 424 2512 de
437 2481 584 2522 exemplis
601 2492 618 2513 e
639 2470 823 2524 Scytharum
839 2482 967 2514 historia
981 2481 1114 2513 narratis
1128 2481 1199 2514 Cu.
1219 2482 1311 2514 Geor.
1330 2480 1444 2521 Jacob,
1464 2480 1497 2512 in
1507 2480 1620 2523 singul.
1630 2481 1724 2523 hujus

386 2536 458 2567 libr.
476 2538 527 2568 ed.
554 2538 656 2569 uallis
681 2537 788 2576 1825,
817 2544 898 2570 recte
917 2538 1084 2569 Lucianum
1108 2539 1180 2570 adv.
1201 2538 1427 2570 nahlmnnnum
1454 2549 1472 2568 ι
1499 2538 1607 2569 violati
1624 2540 1723 2580 juri-z-

389 2593 522 2633 jurandi
539 2593 665 2636 crimine
685 2594 801 2638 tuitus,
819 2596 990 2637 prolegom.
1008 2606 1038 2636 p.
1061 2594 1144 2627 XLI.

438 2658 453 2681 ³
478 2657 604 2689 Plenam
621 2658 728 2691 affectu
737 2671 786 2692 ex.
795 2671 823 2692 ος
842 2660 911 2692 vide
922 2666 1037 2692 narrat.
1047 2660 1086 2692 de
1098 2659 1274 2692 Zenothemi
1283 2670 1319 2690 ac
1328 2659 1498 2691 Menecrate
1510 2684 1519 2700 ,
1533 2661 1563 2692 iu
1574 2673 1618 2701 pr.
1628 2674 1654 2693 c.
1667 2661 1720 2693 26.

442 2724 454 2745 '¹
482 2722 569 2762 Quod
585 2723 730 2763 Tomis,
748 2736 774 2755 c.
800 2724 842 2765 9,
865 2726 995 2757 Graecos
1012 2726 1150 2765 incusat,
1177 2730 1210 2756 ut
1237 2724 1290 2765 qui
1318 2725 1427 2757 melius
1448 2726 1599 2758 amicitiae
1617 2727 1721 2758 laudes
