2154 3500
1076 242 1130 284 77

502 371 838 415 Consentaneum
880 381 978 410 saue
1019 368 1102 410 fuit
1137 368 1313 411 Luciani
1338 365 1540 425 autiquae
1567 367 1765 410 humani-

446 449 541 491 tatis
578 447 737 499 amori,
780 448 814 488 si
855 447 1087 489 admiratus
1124 462 1297 504 quoque
1337 456 1398 489 est
1437 448 1645 491 strictiore
1672 464 1765 491 eam

445 525 616 571 notione
661 525 820 569 dictam
877 524 1143 582 Ἑλληνικὴν
1192 525 1429 578 παιδείαν,
1470 523 1761 582 disciplinam,

446 619 560 664 quae
589 604 706 663 apud
736 605 921 648 Graecos
961 603 1248 648 instituendae
1277 612 1318 648 et
1346 603 1593 648 educandae
1612 602 1764 661 juven-

445 686 526 726 tuti
555 684 747 744 adhibita
784 684 887 726 olim
923 684 1078 727 fuerat.
1126 683 1256 738 Cujus
1285 683 1346 725 rei
1377 684 1600 739 egregium
1634 682 1763 724 docu-

450 771 639 806 mentum
666 768 729 805 est
754 761 846 817 ejus
880 760 1191 805 Anacharsis.
1224 761 1319 804 Non
1354 760 1469 804 enim
1501 760 1582 803 nisi
1612 761 1766 818 magna

445 839 630 898 quadam
662 838 865 896 antiquae
895 838 1158 883 educationis
1175 837 1456 882 admiratione
1480 837 1655 881 affectus
1682 845 1765 880 tam

453 918 724 970 luculenter,
751 930 880 974 quam
909 917 1036 968 fecit,
1071 916 1123 959 de
1150 931 1199 959 ea
1224 930 1435 972 exponere
1460 916 1612 971 potuit.

506 996 645 1037 Simul
675 1004 815 1038 tamen
841 995 1125 1053 intelligimus
1142 1028 1153 1046 ‚
1171 1010 1267 1038 eum
1286 995 1420 1037 multa
1438 995 1634 1038 Solonem
1652 998 1765 1040 Ana-

442 1072 629 1116 charsidi
668 1074 953 1132 explicantem
982 1073 1221 1126 induxisse,
1264 1073 1318 1118 de
1341 1073 1498 1132 quibus
1524 1074 1600 1117 sua
1630 1082 1767 1118 aetate

445 1165 530 1193 non
560 1153 748 1206 potuerit
779 1153 867 1209 ipse
896 1152 1076 1211 perinde
1093 1152 1264 1195 sentire.
1286 1148 1641 1208 Conformandie
1662 1151 1767 1193 ado-

449 1232 709 1275 lescentium
750 1231 979 1273 mentibus
1004 1231 1176 1274 Homeri
1216 1238 1258 1273 et
1297 1229 1469 1273 Hesiodi
1500 1238 1542 1273 et
1566 1231 1767 1288 Tragico—

445 1325 540 1352 rum
570 1309 702 1369 (conf.
735 1308 947 1352 Anachar.
977 1323 1017 1352 c.
1039 1309 1120 1361 21,
1155 1306 1250 1367 22),
1275 1309 1548 1365 quantumvis
1576 1309 1763 1365 ipsorum

443 1389 697 1440 admirator,
738 1402 822 1431 non
867 1388 1009 1444 potuit
1034 1388 1230 1443 poeticae
1256 1389 1474 1446 religionis
1504 1396 1765 1440 contemtor,

447 1466 619 1509 idoneas
632 1478 805 1508 censere
819 1463 1061 1507 sententias.
1093 1464 1156 1508 De
1171 1466 1379 1522 corporis
1393 1466 1766 1509 exercitationum

447 1544 638 1587 coneilio
681 1543 814 1585 Solon
844 1540 1023 1602 (Anach.
1052 1557 1094 1586 c.
1124 1543 1207 1595 24,
1239 1542 1319 1586 sub
1343 1541 1461 1601 fin.):
1504 1549 1651 1588 πάντα
1687 1549 1770 1600 γὰρ

434 1619 584 1666 ’ταῦτα
603 1654 615 1672 ,
642 1618 676 1664 ὦ
705 1621 981 1676 Ἀνάχαρσι,
1010 1621 1078 1663 ἐπ’
1114 1623 1279 1664 ἐκεῖνον
1312 1624 1389 1664 τὸν
1414 1623 1567 1673 ἀγῶνα
1593 1626 1769 1679 ποριζό-

442 1704 558 1754 μεθα
586 1697 663 1742 τὸν
692 1696 739 1741 ἐν
766 1700 856 1745 τοῖς
881 1694 1048 1745 ὅπλοις.
1080 1695 1135 1738 At
1156 1693 1247 1751 jam
1275 1695 1442 1753 pridem
1467 1703 1567 1741 ante
1589 1697 1767 1742 Luciani

439 1782 618 1819 aetatem
635 1805 646 1826 ,
712 1773 942 1818 constituto
996 1772 1291 1816 Romanorum
1336 1774 1535 1832 imperio,
1584 1775 1767 1822 desierat

441 1852 564 1897 illud
590 1853 639 1895 in
670 1851 825 1896 armis
864 1858 1117 1904 certamen,
1149 1853 1325 1896 Graecis
1362 1868 1452 1896 esse
1486 1853 1765 1911 propositum.

439 1914 614 1976 Poterat
648 1932 694 1974 in
729 1931 877 1986 jocoso
911 1931 1148 1975 amicorum
1188 1932 1405 1989 colloquio
1445 1932 1623 1976 Luciani
1647 1934 1767 1977 soda-

450 2011 500 2053 lis
530 2010 759 2066 Samippus
785 2014 941 2053 novum
964 2017 1007 2053 et
1030 2010 1213 2053 militare
1227 2010 1466 2066 imperiumv
1492 2018 1534 2052 et
1568 2011 1765 2055 victorias

443 2092 487 2131 in
523 2090 670 2131 Persas
693 2088 902 2132 somniare
937 2089 1100 2148 (Navig.
1128 2105 1160 2132 S.
1186 2090 1283 2134 Vot.
1303 2104 1341 2132 c.
1364 2091 1445 2145 28,
1460 2087 1593 2145 sqq.),
1616 2105 1766 2146 nempe

445 2184 495 2211 eo
523 2168 675 2221 modo,
707 2182 793 2225 quo
822 2169 1008 2226 magicos
1035 2169 1117 2212 sihi
1145 2170 1326 2212 annulos
1350 2178 1392 2213 et
1419 2170 1666 2213 facultatem
1695 2186 1767 2213 vo·

446 2246 562 2290 landi
592 2246 807 2289 Timolaus
850 2245 970 2309 (ibid.
1007 2261 1045 2289 c.
1078 2244 1153 2305 42)
1194 2263 1218 2292 a
1260 2248 1470 2292 Mercurio
1515 2249 1766 2306 exoptabat;

443 2327 677 2369 Lucianum
710 2333 852 2368 autem
878 2340 964 2367 non
1005 2334 1119 2378 erat,
1154 2327 1267 2382 quod
1297 2328 1486 2385 ingenuo
1511 2327 1612 2381 joco
1644 2329 1768 2371 fateri

443 2404 625 2461 puderet
650 2402 704 2448 ad
743 2402 901 2446 bellica
930 2402 1106 2463 quidem
1137 2405 1307 2462 negotia
1330 2420 1371 2448 se
1410 2420 1494 2449 non
1532 2419 1621 2448 esse
1645 2420 1771 2448 exer-

443 2483 620 2527 citatum
638 2516 648 2534 ,
676 2482 782 2538 quin
816 2482 901 2524 imo
930 2496 970 2523 se
997 2482 1052 2526 ab
1074 2483 1124 2525 iis
1150 2482 1395 2527 abhorrere.
1419 2483 1582 2542 (Navig.
1606 2499 1637 2527 s.
1665 2484 1763 2528 Vot.

444 2577 481 2604 c.
528 2564 606 2605 30:
652 2564 700 2604 σύ
737 2562 782 2604 δὲ
826 2564 911 2604 τῶν
958 2562 1203 2619 ἐρρωμένων
1243 2567 1404 2606 τούτων
1449 2566 1548 2604 τινὰ
1586 2564 1765 2619 ποίησον

442 2642 673 2696 ἵππαρχον
706 2639 788 2691 ἐγὼ
831 2644 910 2694 γάρ
945 2655 1008 2682 σοι
1051 2640 1202 2688 δεινῶς
1229 2643 1426 2693 ἄφιππός
1455 2643 1536 2694 ἑῖμι
1566 2643 1637 2682 καὶ
1668 2642 1765 2683 οὐδὲ

446 2719 557 2767 ὅλως
587 2719 746 2775 ἐπέβην
776 2721 912 2760 ἵππου
940 2722 985 2760 ἐν
1014 2725 1071 2773 τῶ
1103 2721 1182 2773 πρὸ
1213 2724 1285 2760 τοῦ
1316 2722 1451 2774 χρόνῳ
1470 2738 1480 2767 ,-
1502 2719 1612 2760 conf.
1632 2734 1667 2759 c,
1688 2721 1742 2759 33
1760 2753 1769 2764 ,
