2154 3500
997 247 1064 301 '27

377 404 421 431 se
446 388 545 432 νέον
571 388 637 429 ἔτι
664 388 772 430 ὄντα
799 384 844 427 in
864 385 1183 442 Hierapolitano
1207 383 1367 441 templo
1391 396 1469 440 pro
1488 396 1607 426 more
1625 396 1697 424 ac-

376 465 567 509 colarum
587 478 753 507 sacrum
766 477 791 506 a
811 463 1031 507 nativitate
1055 463 1302 507 cincinnum
1318 461 1480 506 dicasse
1492 494 1504 514 ,
1524 461 1698 504 minime

374 555 475 584 sane
502 542 612 586 effici
645 542 796 585 debuit
827 539 841 562 ¹
860 574 871 591 ,
896 541 1131 584 Lucianum
1162 540 1206 583 id
1231 549 1322 583 tum
1336 540 1512 591 fecisse,
1536 553 1670 596 quum
1686 573 1697 591 ‚

374 619 525 662 relicto
535 652 546 672 ,
572 620 686 677 quod
700 619 854 662 dicunt
868 650 880 670 ,
896 600 1165 660 Antiocheno
1185 618 1277 660 foro
1292 651 1303 670 ‚
1319 619 1364 660 in
1379 617 1561 660 Oriente-
1573 630 1698 672 pere-

374 696 616 755 grinaretur
642 696 672 747 ².
737 695 880 741 Potuit
913 710 991 753 per
1025 696 1336 739 Samosatorum
1380 702 1423 738 et
1442 694 1700 752 „Hierapolis

373 770 661 828 vicinitatem,
706 774 809 816 huic
847 774 955 815 mori
990 773 1315 828 obtemperare,¹
1335 786 1470 828 quum
1492 772 1621 813 etiam
1651 771 1698 812 in

373 860 600 906 parentum
630 853 755 894 domo
800 860 1062 903 versaretur,
1107 852 1174 893 vel
1209 866 1343 907 quum
1382 852 1568 905 primum
1606 865 1700 893 eam

374 927 621 984 reliquerat.
675 928 824 984 Neque
867 942 945 984 per
987 927 1166 970 eandem
1203 927 1397 969 locorum
1440 925 1699 968 vicinitatem

373 1005 653 1061 improbabile
681 1006 735 1048 sit
751 1038 762 1058 ,
798 1020 896 1048 eum
925 1013 1015 1048 tum
1030 1039 1041 1058 ,
1066 1012 1321 1062 anteaquam
1339 1004 1384 1047 in
1401 1003 1566 1053 Ioniam
1591 1003 1698 1054 iret,

371 1081 622 1131 eruditionis
655 1082 1015 1138 opportunitatem
1059 1082 1140 1125 sihi
1171 1081 1445 1139 quaerendo,
1483 1081 1698 1137 aliquam-

370 1158 445 1200 diu
471 1158 723 1201 Antiochiae
745 1167 1051 1202 commoratum
1076 1160 1227 1212 fuisse,
1273 1173 1401 1216 quam
1442 1159 1592 1200 urbem
1626 1172 1698 1199 se-

368 1236 452 1279 mel
472 1270 483 1289 ‚
509 1237 625 1294 quod
649 1238 842 1281 novimus
860 1272 871 1291 ,
897 1239 1242 1282 commemoravit
1259 1238 1305 1280 in
1330 1238 1442 1281 libro
1457 1237 1510 1280 de
1530 1235 1695 1281 Salta-

371 1315 494 1356 tione
515 1314 545 1357 ³.
591 1316 750 1358 Itinera
784 1332 883 1359 vero
917 1317 963 1359 in
991 1316 1112 1376 Syria
1149 1324 1191 1359 et
1214 1316 1473 1369 Phoenicia,
1508 1329 1617 1373 quae
1651 1314 1697 1356 in

370 1391 482 1434 libro
498 1391 550 1433 de
562 1391 703 1448 ,Syria
715 1392 814 1434 Dea
823 1393 1132 1450 significantur,
1149 1400 1264 1436 certe
1279 1394 1544 1449 provectiore
1555 1392 1699 1448 potius

371 1477 509 1513 aetate
532 1470 683 1513 fecerit
710 1470 752 1523 ⁴,
787 1485 915 1527 quam
949 1479 1205 1528 anteaquam
1238 1485 1402 1528 pauper
1433 1470 1605 1527 juvenis
1642 1469 1696 1511 ad

374 1547 629 1591 rhetoricam
673 1549 917 1602 accederet,
964 1557 1038 1591 aut
1079 1563 1166 1606 quo
1200 1557 1389 1605 tempore
1406 1583 1425 1613 ,Δ
1459 1564 1509 1592 ex
1543 1548 1699 1591 Suidae

370 1626 610 1670 testimonio
639 1627 942 1683 δυσπραγήσας
961 1660 972 1679 ,
999 1626 1178 1682 judiciis
1205 1627 1484 1671 valedixisset.

427 1705 520 1747 Non
550 1705 849 1747 committimus
882 1706 926 1747 in
959 1704 1105 1758 hisce,
1139 1713 1187 1748 ut
1215 1706 1484 1761 conjectandi
1517 1706 1698 1750 audacia

367 1782 548 1824 aliorum
581 1782 839 1837 conjecturis
873 1784 1215 1839 respondeamus,
1258 1786 1340 1827 Sed
1376 1799 1487 1841 quae
1506 1786 1597 1841 ipse
1617 1787 1699 1828 Lu-

368 1860 515 1902 cianus
546 1859 599 1902 de
627 1861 754 1902 rebus
782 1861 867 1903 suis
894 1861 1071 1903 tradidit
1099 1861 1306 1917 ejusmodi
1335 1871 1460 1914 sunt,
1480 1870 1529 1904 ut
1553 1877 1697 1919 neque

368 1952 442 1980 eae
454 1971 464 1990 ,
483 1952 588 1993 quas
609 1938 870 1990 censuimus,
892 1940 1125 1982 sententiae
1148 1941 1346 1995 probari,
1364 1954 1506 1996 neque
1524 1941 1696 1983 omnino

416 2090 428 2113 1
457 2093 607 2124 Wetzlar.
622 2093 646 2123 l.
664 2103 772 2126 comm.
792 2104 821 2132 p.
839 2093 892 2124 33.

416 2157 432 2177 ²
456 2156 667 2198 Quamtumvis
693 2156 774 2188 enim
800 2158 945 2198 juvenem
975 2156 1143 2188 Lucianum
1170 2169 1188 2188 a
1213 2158 1282 2189 soro
1308 2158 1455 2198 refugisse
1483 2162 1621 2197 statuas,
1649 2156 1697 2187 vel

371 2212 417 2241 sic
443 2211 624 2241 incredibile
645 2212 704 2251 sit,
730 2223 799 2242 eum
827 2218 857 2242 et
877 2213 909 2242 in
928 2212 1015 2241 Ionia
1029 2218 1059 2242 et
1087 2212 1212 2242 Graecia
1225 2235 1234 2252 ,
1256 2212 1328 2241 dum
1356 2205 1536 2242 rhetoricam
1554 2212 1701 2249 disceret,

367 2272 399 2297 et
432 2264 635 2307 Antiochiae,
662 2267 734 2299 dum
761 2278 884 2299 caussas
911 2273 1021 2304 oraret.
1046 2273 1222 2299 constanter
1239 2277 1340 2299 sacros
1361 2266 1489 2308 capillos
1505 2266 1700 2301 submisisse,

374 2334 451 2364 quos
467 2323 623 2364 Hierapoli
640 2325 806 2364 aliquando
821 2325 994 2364 deponeret.

420 2385 436 2406 ³
460 2387 505 2418 De
527 2387 717 2427 saltatione,
742 2398 769 2419 c.
799 2386 852 2419 76.
886 2387 994 2418 Nescio
1020 2387 1100 2418 unde
1126 2388 1257 2418 maxime
1279 2388 1336 2418 hoc
1359 2386 1470 2417 habeat
1494 2385 1697 2420 Wielnnduu.

375 2442 450 2482 uhi,
470 2442 525 2473 Th.
545 2442 610 2476 IV.
633 2442 663 2472 S.
680 2441 765 2483 373,
784 2443 822 2473 ad
837 2453 906 2473 eum
925 2443 1025 2473 locum
1045 2443 1190 2474 affirmat:
1210 2443 1375 2474 Lucienum
1393 2442 1578 2482 provectiore
1599 2446 1698 2490 qetate

369 2507 458 2537 saepe
481 2497 663 2530 Antiochiae
681 2504 896 2530 commoratum
911 2498 1016 2529 fuisse.

422 2559 443 2584 4
466 2561 571 2601 Neque
597 2563 746 2603 significat
773 2558 925 2594 Lucidiim
942 2562 1061 2603 reliqua
1082 2563 1192 2594 itinera
1219 2569 1250 2594 et
1273 2562 1452 2601 capillorum
1476 2562 1696 2593 dedicationem

373 2617 455 2647 circa
476 2616 554 2647 idem
575 2617 701 2666 tenum:
710 2619 797 2663 facta.
810 2629 888 2655 esse3
912 2630 968 2649 nec
985 2619 1026 2656 si,
1048 2630 1140 2660 quum
1159 2619 1301 2650 scriberet
1321 2618 1463 2650 libellum
1475 2619 1693 2659 ‚nuper-facta

374 2674 448 2705 hacc
477 2674 628 2705 dedicatio
646 2666 767 2715 sufferat,
784 2676 974 2708 convenisset
993 2677 1100 2709 addere
1124 2677 1184 2708 καὶ
1210 2675 1271 2709 ἔτι
1304 2676 1372 2714 un?
1404 2674 1439 2707 ἓν
1464 2674 1515 2718 τῷ
1540 2674 1603 2719 ἱρῷ
1634 2676 1694 2708 καὶ

373 2728 390 2760 ὁ
417 2727 596 2771 πλόκαμος
616 2731 676 2763 καὶ
698 2730 738 2763 τὸ
761 2719 921 2771 oiv'wouffi?
