2154 3500
1052 355 1108 397 80

418 483 709 537 severitaten1;
750 484 791 525 in
838 480 1139 538 Philopseudi‚
1178 497 1213 523 c.
1248 483 1300 523 37
1324 514 1333 531 ‚
1365 481 1590 524 absurdam
1623 499 1741 539 τερα-

418 562 654 616 τολογίαν,
703 576 787 618 qua
839 568 1033 616 parentes
1073 561 1307 601 liberorum
1356 574 1530 601 suorum
1582 561 1743 603 animos

421 639 521 682 inde
566 654 588 679 a
627 639 785 681 teneris
831 639 1082 683 meticulosa
1123 638 1420 694 superstitione
1462 640 1740 684 imbuebant:

419 726 461 760 et
501 717 580 759 sub
619 716 747 759 finem
790 717 1043 759 Hermotimi
1090 716 1294 767 strictim,
1342 714 1488 757 lucido
1529 717 1740 773 exemplo,

423 793 538 851 quod
575 800 709 836 exstat
748 808 787 837 c.
810 795 1015 845 80—82,
1051 808 1292 849 perversam
1323 793 1528 836 rationem
1564 808 1710 835 eorum
1733 827 1743 843 ‚

420 873 521 929 qui,
558 872 757 928 neglecta
798 872 910 914 vitae
949 887 1000 914 ac
1033 885 1199 913 morum
1242 870 1491 926 disciplina,
1533 870 1744 913 abstrusas

418 949 623 1007 quasdam
666 948 962 1004 philosophiae
1004 949 1218 991 doctrinas
1264 963 1493 1004 puerorum
1532 948 1744 991 mentibus

419 1026 713 1069 inculcabant.
751 1051 810 1059 —-
849 1025 1098 1082 Neglectam
1138 1026 1181 1067 in
1217 1038 1449 1080 puerorum
1492 1024 1746 1068 educatione

419 1103 612 1159 corporis
653 1102 998 1145 exercitationem
1033 1115 1087 1143 ne
1131 1102 1380 1145 memoravit
1416 1101 1604 1158 quidem.
1653 1103 1742 1144 Jani

422 1196 519 1223 vero
553 1181 587 1222 si
620 1180 833 1222 Lucianus
864 1181 919 1222 ab
949 1178 1226 1224 instauranda
1245 1180 1320 1221 illa
1341 1179 1605 1222 educationis
1626 1187 1746 1235 part(-

418 1257 679 1315 singularem
719 1257 949 1313 quemdam
989 1257 1041 1299 ad
1087 1256 1385 1313 corrigendam
1417 1270 1534 1297 suam
1566 1264 1743 1298 aetatem

417 1336 607 1378 fructum
645 1334 726 1377 sihi
772 1342 1009 1392 sperasset,
1054 1342 1129 1378 aut
1172 1333 1298 1376 fallor
1339 1333 1640 1385 vehementer,
1673 1343 1747 1376 aut

421 1427 504 1456 non
549 1412 657 1456 adeo
693 1413 758 1454 sui
801 1427 844 1454 se
882 1412 1129 1456 dissimilem
1159 1413 1437 1470 praestiturus
1463 1412 1636 1465 fuisset,
1668 1422 1713 1455 ut
1734 1447 1743 1464 ‚

422 1490 498 1547 (⁸1ui
550 1489 820 1541 admirabili,
874 1504 959 1546 qua
993 1490 1104 1543 fuit,
1141 1491 1305 1549 ingenii
1346 1491 1567 1533 fertilitate
1611 1491 1746 1545 conti,-

423 1576 573 1611 nenter
619 1582 721 1610 usus
767 1575 831 1610 est
874 1567 929 1610 ad
969 1570 1215 1625 aequalium
1259 1583 1425 1612 errores
1467 1584 1518 1612 ac
1566 1570 1662 1613 vitia
1703 1571 1745 1611 in

421 1647 520 1689 luce
566 1646 790 1705 ponenda,
838 1661 922 1688 non
973 1646 1207 1690 identidem
1257 1661 1432 1704 quoque
1476 1648 1634 1691 saeculi
1680 1649 1742 1690 sui

419 1726 696 1778 ἀγυμνασίαν
737 1731 779 1765 et
817 1725 931 1782 ipsos
964 1724 1062 1773 τούς
1105 1727 1405 1780 ἀγυμνάστους
1446 1726 1623 1768 satiricis
1659 1728 1742 1766 suis

418 1801 585 1858 scriptis
614 1801 877 1859 exagitasset.

474 1879 700 1925 Caeterum
733 1878 878 1936 opinio
919 1880 973 1923 de
1011 1880 1198 1924 Luciano
1247 1881 1510 1926 educationis
1543 1882 1739 1927 emenda-

418 1967 509 2002 tore
559 1964 678 2002 arcte
721 1957 952 2014 conjuncta
993 1966 1055 2001 est
1096 1974 1195 2002 cum
1235 1959 1433 2004 universa
1469 1976 1517 2004 ea
1536 1995 1546 2014 ‚
1579 1974 1741 2003 summo

412 2037 513 2091 jure
553 2037 609 2078 in-
637 2035 879 2079 doctissimo
921 2022 1070 2079 Jacobi
1116 2052 1245 2095 opere
1293 2038 1348 2081 ab
1387 2039 1631 2082 Hermanno
1679 2040 1739 2097 (in

419 2128 621 2165 censura,
670 2127 781 2170 quae
837 2121 899 2155 est
943 2115 988 2154 in
1034 2115 1200 2172 Algem.
1248 2116 1421 2159 Schulz.
1476 2131 1544 2159 an.
1594 2120 1706 2160 1832
1726 2151 1735 2166 ‚

419 2193 469 2234 N.
509 2187 789 2247 'loo—102)
832 2190 1090 2246 reprehensa
1134 2194 1371 2244 sententia,
1399 2194 1507 2250 'qua
1550 2196 1595 2236 in
1640 2209 1734 2237 cor-

410 2268 588 2328 rigendo
640 2275 681 2311 et
724 2268 917 2311 docendo
963 2271 1245 2326 praecipuum
1290 2271 1465 2315 Luciani
1519 2274 1731 2316 scribendi

399 2347 624 2391 consilium
683 2346 811 2389 fuisse
855 2348 1001 2404 ponit,
1045 2356 1086 2391 et
1130 2350 1354 2405 proprium
1382 2351 1558 2395 Luciani
1590 2351 1734 2396 chara-

401 2435 559 2468 cterem
606 2423 911 2467 emendatoris
943 2428 1082 2482 potius
1122 2441 1250 2483 quam
1291 2428 1576 2472 subversoris
1603 2431 1733 2472 fuisse

403 2511 560 2548 censet.
608 2501 690 2545 Sed
731 2501 836 2546 haec
878 2503 1052 2560 quidem
1097 2503 1346 2562 disceptatio
1388 2522 1468 2550 nec
1507 2509 1729 2565 separatim

405 2598 426 2622 a
462 2583 582 2624 nobis
618 2595 758 2636 neque
793 2585 836 2625 ἐκ
879 2583 1072 2639 παρόδου
1104 2584 1268 2627 institui
1302 2595 1452 2641 potest.
1661 2577 1664 2580 ¹

989 2750 1156 2764 -ψ-ο
