2154 3500
1028 295 1083 333 83

395 418 738 477 philosophorum
791 420 991 471 decretis,
1035 428 1165 478 atque
1207 421 1337 478 ipsius
1354 454 1363 471 ‚
1412 420 1451 461 in
1505 420 1712 462 uberrima

392 497 563 538 illorum
585 497 774 547 doctrina
795 498 989 555 propriae
1015 505 1057 540 et
1083 506 1223 540 certae
1244 496 1566 555 philosophandi
1591 500 1712 539 ratio-

397 575 460 617 nis
490 575 643 631 inopia.

1021 717 1091 760 IX.

454 888 645 945 Legitimi
693 887 967 943 Reipublicae
1018 899 1146 935 status
1191 893 1348 934 exitum
1392 901 1709 936 maturaverunt

398 967 576 1011 Romani
605 968 851 1025 optimates,
891 981 1020 1025 quum
1053 970 1199 1014 reduci
1229 986 1276 1013 ex
1310 970 1483 1014 Oriente
1510 972 1705 1028 Pompejo

401 1060 485 1087 non
525 1053 672 1102 sponte
711 1062 757 1089 ea
789 1045 1089 1099 concederent,
1132 1063 1242 1106 quae
1286 1049 1355 1091 hic
1397 1050 1576 1101 deinde,
1607 1051 1703 1106 ipsis

399 1124 564 1170 invitis,
593 1125 767 1166 Caesare
794 1123 989 1177 adjutore
1016 1127 1207 1168 obtinuit.

1038 1298 1089 1340 X.

462 1436 747 1478 «Litterarum
775 1444 997 1487 secreta»,
1028 1436 1072 1477 in
1113 1435 1237 1482 Taciti
1260 1442 1486 1483 Germania
1518 1457 1553 1483 c,
1585 1444 1677 1486 XIX
1698 1476 1707 1492 ‚

410 1527 549 1570 neque
586 1514 780 1556 universe
816 1514 868 1556 de
896 1521 986 1556 arte
1013 1509 1242 1571 scribenti,
1273 1532 1351 1561 nec
1383 1519 1509 1561 unice
1540 1520 1591 1561 de
1623 1520 1710 1561 fur-

406 1594 498 1635 tivis
523 1593 754 1635 amantium
787 1593 974 1650 epistolis
1001 1592 1268 1650 intelligeffla
1298 1607 1408 1642 sunt,

1030 1768 1102 1808 XI.

459 1907 611 1950 Ctesias
644 1906 696 1947 de
727 1906 850 1948 rebus
886 1903 1059 1948 Persicis
1103 1906 1308 1961 ampliora
1335 1919 1451 1962 quan
1474 1911 1710 1953 Herodotus

402 1983 613 2028 scribendi
645 1983 849 2040 praesidia
877 1982 1055 2035 habuit;
1087 1983 1172 2026 fide
1205 1989 1345 2026 autem
1385 1989 1426 2024 et
1456 1998 1488 2031 ιη
1523 1990 1710 2032 fontibus

403 2062 653 2107 adhibendis
689 2063 884 2107 cautione
929 2062 1171 2121 longissime
1211 2060 1423 2106 Herodoto
1465 2076 1707 2126 patmum-

406 2142 483 2183 dus
517 2149 591 2184 est.

1012 2279 1102 2322 XII.

461 2457 722 2498 Assentimur
749 2455 860 2497 doct.
888 2455 985 2497 Alb.
1009 2454 1190 2513 Jonghio
1241 2456 1403 2513 (Symb.
1435 2456 1557 2497 Liter.
1586 2456 1666 2506 IV,
1688 2472 1724 2512 p.
1787 2475 1791 2479 ·

408 2537 487 2576 117
517 2533 631 2591 sqq.)
653 2534 696 2575 in
715 2548 806 2576 eam
821 2533 1071 2576 sententiam
1093 2532 1351 2589 disputanti,
1374 2540 1420 2575 ut
1439 2532 1539 2575 fides
1563 2531 1724 2576 haben-

404 2611 454 2654 da
483 2610 695 2654 Herodoto
720 2611 795 2663 sit,
823 2610 895 2654 lib.
919 2609 1004 2662 ΙΙΙ,
1021 2612 1130 2655 c.80
1148 2644 1159 2664 ‚
1178 2610 1390 2662 narranti,
1419 2617 1510 2668 post
1535 2610 1723 2654 occisum

406 2687 787 2730 Pseudo-Smerdin
814 2687 977 2754 habitos
997 2703 1085 2730 esse
1111 2704 1134 2730 a
1160 2689 1295 2729 Persis
1321 2703 1533 2731 sermones
1557 2689 1610 2731 de
1636 2704 1723 2730 mo-

407 2766 578 2811 narchia
604 2774 675 2810 aut
702 2768 963 2810 aristocratia
992 2774 1064 2810 aut
1097 2767 1354 2812 democratia
1383 2768 1689 2811 constituenda.
