2154 3500
1064 289 1122 329 38

421 415 685 468 existimare,
718 413 997 457 lectissimum
1026 413 1255 472 quemdam
1292 412 1400 455 illud
1443 414 1633 458 fructum
1666 427 1755 458 ma-

394 498 397 501 “
421 493 595 536 tutioris
627 492 806 535 Luciani
833 493 984 535 aetatis
1008 507 1097 535 esse
1115 525 1125 543 ,
1150 505 1237 549 quo
1260 491 1433 533 intimos
1465 494 1607 548 potius
1624 494 1754 536 animi

419 587 565 616 sensus
586 580 629 615 et
653 573 698 614 in
714 571 899 628 patriam
921 586 1039 614 suam
1067 571 1348 619 voluntatem,
1374 583 1504 626 quam
1530 571 1753 629 ingenium

422 650 647 695 ostendere
672 650 871 694 voluerit.
905 651 1060 694 Sensus
1082 650 1128 692 in
1161 649 1238 691 illo
1269 648 1499 705 declarati,
1530 657 1754 708 utcunque

415 747 495 788 per
529 746 573 773 se
611 730 877 783 laudabiles,
908 730 1063 786 passim
1094 727 1333 771 istiusmodi
1374 736 1499 780 sunt,
1526 736 1575 770 ut
1612 744 1754 786 neque

414 810 568 853 natalis
591 809 774 852 Luciani
801 810 919 852 urbis
949 817 1124 861 natura,
1148 822 1228 851 nec
1255 807 1388 864 ipsius
1415 806 1580 850 indoles
1604 823 1751 851 eorum

414 888 638 931 veritatem
662 887 873 932 admittat.
895 889 1209 931 Samosatorum
1244 900 1400 928 nomen
1427 900 1513 928 non
1536 886 1750 929 Lucianus

412 967 610 1009 venerari
641 967 783 1022 potuit
819 966 936 1023 quod
961 981 1040 1021 per
1070 965 1204 1021 patris
1225 972 1393 1021 patrem
1422 971 1465 1007 et
1491 977 1748 1020 proavorum

412 1043 566 1087 seriem
606 1043 716 1086 illud
763 1057 920 1086 nomen
966 1042 1244 1086 adscenderet
1292 1056 1430 1100 usque
1480 1042 1534 1083 ad
1588 1043 1748 1098 patrios

411 1124 512 1166 deos
543 1140 574 1166 1.
620 1124 715 1165 Non
749 1131 812 1165 est
854 1123 1089 1174 credibile,
1129 1136 1228 1163 eum
1269 1122 1466 1163 doctrina
1506 1122 1749 1178 opibusque

408 1200 665 1257 quaerendis
694 1201 1009 1243 Samosatorum
1033 1200 1302 1257 potissimum
1344 1200 1623 1243 commodum·
1653 1214 1748 1256 spe-

407 1286 543 1322 ctasse
569 1291 600 1322 ².
633 1279 728 1322 Non
761 1278 942 1321 Luciani
972 1277 1163 1336 denique
1185 1276 1268 1321 hoc
1304 1278 1529 1335 proprium
1558 1279 1665 1331 fuit,
1699 1286 1747 1320 ut

409 1358 652 1400 celebraret
679 1358 859 1400 deorum
886 1357 1097 1413 proclives
1125 1357 1171 1400 in
1199 1358 1358 1412 patrias
1388 1373 1486 1400 suas
1510 1358 1672 1401 animos
1695 1373 1745 1399 ac

407 1435 564 1479 deinde
578 1435 783 1477 clamaret
797 1438 835 1478 εἴ
849 1435 895 1478 δὲ
911 1441 1031 1484 θεοῖς
1046 1436 1192 1489 τίμιον
1208 1439 1256 1478 τὸ
1271 1440 1346 1489 τῆς
1360 1436 1571 1491 πατρίδος
1588 1439 1742 1490 ὄνομα,

408 1517 501 1563 πῶς
525 1514 603 1558 οὐκ
624 1515 878 1570 ἀνθρώποις
906 1529 953 1567 γε
983 1512 1131 1570 πολλῷ
1151 1512 1321 1568 μᾶλλον
1344 1515 1376 1556 5⁴.
1409 1514 1504 1555 Non
1531 1513 1633 1554 civis
1662 1514 1744 1554 Lu·-

409 1592 525 1635 eiani
568 1592 778 1635 sententia
810 1590 823 1614 ⁴
856 1591 902 1633 in
939 1590 1096 1634 talibus
1129 1590 1203 1633 sed
1238 1589 1418 1634 rhetoris
1448 1605 1604 1648 pompa
1641 1605 1742 1633 cou-

408 1672 559 1726 spicua
598 1678 679 1722 est3
724 1685 805 1712 nec
843 1670 1152 1724 dubitandum,
1187 1670 1293 1727 quin
1333 1671 1532 1727 egregius
1571 1670 1743 1724 libellus

405 1763 484 1803 pro
517 1747 748 1804 sophistica
781 1747 1071 1803 disputatione
1102 1745 1325 1789 habendus
1356 1747 1424 1791 sit.

460 1905 622 1947 Verum
647 1911 817 1958 praeter
834 1902 993 1944 haecce
1021 1902 1066 1944 in
1095 1903 1263 1958 scriptis
1284 1910 1384 1944 ante
1403 1910 1614 1944 mutatum
1633 1904 1741 1945 vitae

400 2057 416 2077 v(
428 2046 485 2077 Die
504 2046 665 2086 Innigkeit
676 2068 685 2085 ,
705 2046 821 2077 welche
831 2047 919 2077 datin
932 2069 942 2087 ‚
959 2048 1029 2077 fem
1040 2058 1101 2077 von
1111 2049 1203 2078 allem
1211 2048 1415 2088 Redeprunke
1424 2071 1433 2088 ,
1442 2048 1582 2078 herrscht
1592 2070 1602 2087 ‚
1612 2049 1697 2078 stellt
1706 2060 1738 2078 es

396 2103 456 2133 den
476 2102 612 2134 edelsten
629 2100 980 2144 Rerzensergiessungen
997 2103 1077 2135 alter
1092 2104 1156 2135 und
1176 2115 1271 2136 neuer
1292 2104 1510 2136 Schriftsteller
1534 2105 1611 2135 iiber
1634 2104 1737 2135 diesen

395 2158 531 2189 edelsten
551 2158 746 2199 Gegenstand
765 2158 851 2188 nicht
870 2159 1033 2200 unwiirdig
1049 2170 1087 2188 an
1104 2160 1155 2189 die
1173 2159 1263 2192 Seite.
1277 2170 1294 2189 »
1317 2160 1416 2191 simil.
1436 2160 1478 2192 A.
1501 2160 1601 2199 Pauly
1618 2160 1651 2189 in
1671 2161 1737 2189 sin-

395 2215 496 2253 gulari
516 2214 549 2246 h.
570 2215 596 2249 l.
614 2215 662 2248 ed.
685 2226 754 2246 cnm
773 2215 877 2249 Somn.
902 2222 933 2247 et
950 2215 1070 2247 Anach.
1090 2216 1219 2258 Tubing.
1239 2215 1347 2256 1825,
1375 2217 1491 2258 prolog.
1512 2228 1541 2257 p.
1564 2216 1687 2249 xxvll
1705 2224 1735 2248 et

397 2270 567 2304 Lehmann.
590 2269 676 2300 Tom.
691 2269 792 2307 VIII,
808 2280 838 2309 p.
858 2268 943 2310 125,
964 2269 1043 2304 485.
1060 2270 1156 2312 Angl.
1177 2272 1307 2312 Interpr.
1329 2272 1437 2303 Thom.
1458 2272 1646 2302 Franklinus
1667 2273 1732 2312 jam

391 2334 474 2358 recte
491 2327 581 2358 vidit.
604 2325 820 2357 scholasticam
835 2326 955 2359 dissert.
976 2339 1065 2369 esse3
1087 2329 1277 2368 improbatus
1298 2329 1330 2362 h.
1351 2330 1475 2361 nomine
1494 2341 1511 2360 a
1530 2329 1629 2363 Wiel.
1652 2329 1674 2361 l.
1702 2329 1727 2362 l.

438 2379 451 2402 1
479 2381 563 2412 Patr.
583 2380 710 2410 Encom.
732 2390 760 2411 c.
779 2380 811 2410 4.

440 2443 455 2459 2
482 2438 565 2470 Ibid.
585 2448 613 2468 c.
631 2437 665 2470 7.

440 2490 455 2510 ⁵
483 2490 566 2523 Ibid.
586 2503 615 2523 c.
634 2490 667 2523 5.
687 2491 760 2523 vid.
780 2501 870 2531 porro
892 2493 923 2522 in
947 2503 993 2531 pr.
1013 2505 1040 2524 c.
1055 2494 1078 2525 9
1093 2501 1123 2525 et
1144 2493 1197 2527 12⁴.

434 2544 454 2567 4
480 2547 595 2589 opinio
620 2548 658 2580 de
683 2549 835 2589 peculiari
859 2548 1082 2582 Lucianeorum
1110 2551 1290 2592 scriptorum
1321 2552 1469 2591 consilio,
1496 2553 1578 2593 quod
1599 2553 1729 2592 positum

385 2606 428 2638 sit
448 2606 480 2636 in
499 2604 741 2645 informandis
769 2605 871 2637 bonit
892 2606 1033 2638 civibus
1050 2614 1080 2639 et
1099 2606 1379 2639 commendandis
1393 2608 1561 2648 politicis
1582 2608 1728 2650 officiis,

384 2663 536 2701 explicata
552 2673 589 2693 ea
612 2661 646 2693 in
665 2673 713 2702 pr.
731 2674 748 2692 a
764 2662 885 2694 Jacobo
903 2662 936 2694 in
956 2663 1192 2696 character-inno
1209 2665 1283 2697 Luc.
1296 2689 1305 2706 ‚
1324 2665 1513 2704 potissimum
1528 2666 1636 2698 nititur
1654 2669 1729 2700 locis

383 2712 541 2750 0'Patriae
558 2718 707 2751 Encomio
723 2719 870 2750 desumus
889 2725 919 2750 et
933 2730 971 2750 ex
994 2720 1103 2761 hujus,
1128 2726 1163 2751 ut
1179 2721 1301 2752 vocavit
1312 2746 1323 2764 ‚
1340 2721 1476 2761 practico
1491 2722 1619 2763 quodam
1641 2735 1727 2754 com-

381 2774 531 2805 mentario
541 2774 752 2805 Demo-thenis
764 2775 921 2811 Encomim
935 2780 998 2806 tum
1010 2787 1045 2806 ex
1059 2776 1139 2806 libro
1149 2777 1207 2806 Pro
1217 2776 1351 2808 Mercede·
1363 2777 1541 2817 conductis,
1550 2778 1613 2808 vid.
1628 2790 1655 2816 p.
1670 2777 1723 2808 40.
