2154 3500
1065 307 1119 347 26

491 432 615 475 Liber
639 432 709 475 De
737 432 888 474 Luem
914 434 1168 489 Epicuream
1187 433 1440 475 sententiam
1467 437 1595 479 refert
1615 436 1655 488 ¹,
1680 436 1751 477 cui

429 510 638 554 seniorem
663 510 708 553 in
736 509 883 566 primis
915 511 1098 554 multum
1131 510 1366 553 Lucianum
1403 510 1604 557 tribuisse
1635 512 1749 558 vide-

427 589 591 642 bimus;
624 596 753 645 atque
775 587 977 631 crudiore
994 588 1178 646 quodam
1205 588 1535 646 argumentandi
1560 580 1719 649 frigore
1737 592 1751 615 ²

429 682 522 711 eam
545 675 726 712 aetatem
754 668 940 724 prodere
978 669 1171 721 videtur,
1213 681 1299 725 qua
1331 666 1535 710 diuturna
1562 682 1753 711 errorum
1819 693 1822 697 ν

426 746 566 789 irrisio
591 762 763 789 sensum
788 746 1063 791 humanitatis
1087 747 1201 803 apud
1220 747 1456 791 Lucianum
1482 746 1750 805 aliquantum

427 824 702 868 debilitasset.
1562 818 1566 821 ‚
1579 812 1589 818 .

485 903 537 943 In
574 903 687 944 libro
736 903 925 958 denique
970 904 1023 945 de
1060 903 1198 959 Syria
1236 903 1333 947 Dea
1386 904 1751 959 Hier-‘spolitanum

427 979 635 1035 templum
656 987 699 1021 et
726 993 845 1022 sacra
863 979 1178 1022 describuntur.
1210 979 1311 1035 Ejus
1329 980 1509 1036 scriptor
1532 980 1749 1038 Assyrium

426 1055 643 1098 hominem
672 1072 716 1099 se
750 1072 839 1099 esse
865 1057 1064 1109 affirmat,
1093 1057 1168 1112 qui
1200 1058 1383 1114 Tyrum,
1418 1057 1644 1109 Sidonem,
1674 1058 1753 1114 By-

425 1133 548 1174 blum
579 1141 709 1189 atque
745 1134 937 1176 Libanon
976 1134 1185 1176 invisisset
1210 1147 1240 1176 ³.
1283 1134 1474 1178 Dialeeto
1515 1142 1660 1176 autem
1714 1142 1755 1175 et

427 1210 644 1253 scribendi
673 1226 831 1270 genere
861 1211 1123 1254 Herodotum
1150 1212 1353 1255 imitatur.
1386 1211 1431 1255 Si
1448 1212 1640 1260 „Luciani
1673 1210 1755 1254 hoc
1809 1263 1813 1267 ¹

425 1303 532 1344 opus
548 1297 633 1341 est,
660 1289 776 1345 quod
789 1290 937 1345 plures
950 1323 961 1341 ‚
978 1290 1153 1333 fortasse
1179 1289 1340 1345 injuria
1354 1323 1365 1342 ,
1383 1289 1690 1333 addubitarunt
1712 1292 1728 1315 ⁴
1743 1323 1754 1342 ,

360 1407 363 1408 γ
424 1367 645 1410 commode
679 1382 757 1423 pro
790 1367 1021 1424 sophistico
1057 1376 1284 1424 provectae
1324 1367 1415 1423 ejus
1454 1368 1601 1411 aetatis
1652 1369 1750 1411 lusu

427 1443 577 1487 haberi
605 1452 758 1500 potest.
792 1447 850 1488 Ex
875 1460 925 1488 eo
964 1446 1077 1502 quod
1110 1446 1292 1501 scriptor
1310 1445 1355 1487 in
1381 1446 1466 1488 fine
1488 1444 1626 1488 libelli
1646 1445 1753 1488 dixit

469 1619 482 1642 ¹
509 1620 631 1652 Confer.
657 1619 690 1650 in
710 1631 755 1659 pr.
775 1619 818 1650 De
838 1619 934 1650 Luctu
949 1642 957 1657 ,
982 1629 1010 1650 c.
1028 1616 1069 1649 16
1085 1618 1118 1650 in
1140 1618 1215 1655 fine3
1229 1624 1382 1659 praeterea
1399 1626 1463 1650 taur
1478 1619 1646 1651 sententiae
1656 1628 1747 1658 quam

429 1678 545 1707 formae
554 1686 662 1715 magna
674 1680 720 1705 est
728 1674 899 1705 similitudo
908 1674 989 1705 inter
998 1674 1087 1704 illum
1097 1674 1209 1706 librum
1216 1682 1246 1706 et
1252 1675 1362 1707 librum
1372 1676 1409 1707 de
1419 1667 1579 1707 Sacrificiis
1589 1675 1639 1715 (ut
1647 1675 1754 1706 ohser-

424 1738 487 1762 tum
503 1732 568 1773 jam
588 1731 648 1762 fuit
664 1741 682 1761 a
694 1730 862 1761 wielando
872 1735 902 1760 et
919 1729 1096 1760 Lehmanno
1106 1730 1144 1760 ad
1154 1730 1224 1761 libr.
1234 1730 1344 1770 titul.).
1364 1731 1402 1763 In
1413 1731 1471 1763 hoc
1481 1737 1582 1763 sutem
1598 1741 1661 1762 non
1673 1731 1755 1761 solas

418 1788 564 1824 fabulas
593 1794 647 1818 aut
677 1787 875 1817 sententias·
901 1786 938 1816 de
966 1786 1027 1816 diis
1052 1786 1171 1826 illusit,
1188 1796 1292 1816 verum
1312 1787 1410 1826 ipsum
1426 1788 1502 1818 adeo
1523 1787 1654 1817 cultum
1676 1784 1756 1825 (τὰς

423 1843 634 1888 θρησκείας)
652 1849 714 1873 tam
737 1848 839 1881 aperte
859 1848 890 1872 et
908 1841 1064 1872 hostiliter
1086 1852 1244 1881 aggressus
1262 1848 1325 1882 est,
1345 1849 1380 1873 ut
1398 1849 1482 1874 certo
1504 1848 1637 1873 statuere
1661 1841 1754 1871 liceat

423 1908 493 1929 eum
514 1897 712 1938 provectioris
731 1907 808 1935 opus
827 1906 905 1927 esse.
923 1895 997 1927 vid.
1013 1907 1040 1926 c.
1063 1894 1079 1925 1
1097 1901 1128 1926 et
1144 1907 1171 1927 c.
1192 1894 1235 1927 10
1252 1907 1340 1937 sqq.;
1364 1898 1401 1929 de
1426 1908 1488 1938 quo
1514 1898 1597 1928 infra
1612 1895 1753 1936 pluribus

429 1959 609 1993 exponetur.
630 1952 755 1984 Librum
771 1953 808 1983 de
829 1951 991 1983 sacrifieiis
1005 1951 1077 1981 item
1097 1952 1240 1991 scriptum
1257 1963 1322 1984 esse
1338 1959 1496 1994 postquam
1508 1953 1661 1984 Lucianus
1671 1951 1753 1981 inter

426 2009 592 2050 Aegyptios
602 2014 739 2039 versatus
750 2008 871 2047 fuisset,
882 2007 1054 2047 colligimus
1063 2017 1099 2036 ex
1111 2018 1139 2037 c.
1151 2006 1206 2046 14,
1215 2006 1259 2048 ἣν
1267 2002 1302 2037 δ’
1307 2006 1340 2042 ἐς
1349 2009 1418 2049 τὴν
1425 2006 1616 2048 Αἴγυπτον
1626 2005 1750 2047 ἔλθῃς,

425 2064 513 2098 τότε
539 2064 586 2107 δὴ
605 2063 692 2096 τότε
712 2062 792 2103 ὄψει
813 2061 929 2096 πολλὰ
947 2062 994 2095 τὰ
1014 2061 1123 2101 σεμνὰ
1144 2073 1175 2093 κ.
1192 2060 1270 2093 τ.λ.
1287 2073 1315 2094 c.
1335 2061 1388 2094 15.

467 2145 484 2165 2
508 2143 579 2174 vid.
601 2153 650 2172 ex.
660 2153 687 2173 c.
707 2141 751 2171 De
761 2141 859 2171 Luctu
869 2163 879 2181 ‚
894 2150 922 2170 c.
942 2138 996 2170 13.
1007 2157 1047 2163 -
1058 2139 1211 2170 Lucisnus
1229 2146 1292 2170 tum
1311 2140 1344 2169 in
1363 2139 1501 2180 Aegypto
1521 2141 1621 2170 fuerat
1632 2162 1641 2179 ,
1651 2149 1679 2169 c.
1690 2137 1731 2169 21
1743 2161 1750 2167 .

432 2199 519 2240 λέγω
539 2193 693 2237 δ’ἷδὼν,
711 2198 750 2228 ad
770 2208 859 2237 quem
874 2197 975 2228 locum
987 2219 996 2236 ‚
1011 2196 1059 2226 uti
1084 2196 1123 2226 sd
1143 2195 1301 2227 Soloecist.
1316 2207 1343 2227 c.
1352 2194 1385 2227 5.
1404 2195 1535 2237 Solanus
1552 2200 1638 2226 notat
1649 2193 1748 2226 «sori-

422 2260 508 2293 ptum
527 2264 593 2285 esse
614 2259 680 2293 post
701 2252 833 2283 reditum
861 2251 894 2282 in
922 2251 1079 2292 AegyptO,
1106 2261 1161 2290 pro
1189 2251 1280 2282 Mero.
1299 2251 1468 2287 Conduct.'‚
1489 2262 1557 2282 cum
1575 2258 1666 2282 antes
1681 2251 1750 2282 illic

426 2310 521 2342 fuisse
537 2320 601 2340 non
625 2315 756 2340 constet.
770 2320 786 2340 »
807 2307 884 2339 Mihi
902 2307 1024 2350 qpidem
1044 2317 1127 2338 nunc
1143 2317 1161 2337 e
1178 2306 1250 2339 Luc.
1271 2306 1377 2349 Nsvig.
1396 2318 1423 2339 s.
1443 2306 1533 2339 Votis
1550 2318 1578 2340 e.
1590 2304 1746 2339 23.eti⁸m

421 2372 562 2398 constare
573 2365 693 2396 videtur
700 2377 769 2396 eum
777 2371 869 2404 oei-te,
879 2370 1041 2404 autequam
1050 2364 1132 2395 hunc
1139 2364 1294 2404 dialogum
1305 2363 1469 2403 scripserit,
1484 2373 1547 2394 non
1555 2363 1588 2394 in
1597 2362 1747 2404 Aegypto,

424 2420 534 2456 fuisse3
554 2419 674 2459 scripsit
700 2425 801 2450 autem
827 2428 920 2458 quum
944 2418 1010 2458 jam
1034 2417 1066 2447 in
1095 2417 1159 2448 otio
1186 2416 1317 2449 Athenis
1335 2417 1472 2457 viveret,
1495 2417 1558 2448 vid.
1586 2416 1697 2455 passim
1716 2423 1748 2447 et

423 2489 452 2508 c.
471 2474 533 2515 15,
553 2474 607 2506 33.

471 2541 486 2561 ⁵
517 2542 562 2573 De
580 2541 668 2583 Syria
688 2541 771 2581 Dea,
788 2551 814 2571 c.
836 2538 873 2579 l,
893 2539 936 2580 3,
957 2541 993 2573 4.
1014 2538 1053 2579 6,
1071 2538 1103 2571 9.

470 2616 490 2639 ⁴
514 2617 597 2658 Quos
615 2617 683 2648 vide
702 2618 779 2656 apud
801 2616 968 2647 Lehmann.
986 2616 1034 2645 ad.
1052 2615 1100 2644 tit.
1119 2614 1204 2653 libri,
1225 2606 1263 2643 1⁴}
1281 2613 1312 2648 n
1324 2635 1332 2651 ‚
1347 2623 1375 2652 p.
1396 2610 1476 2645 383,
1501 2618 1530 2642 et
1549 2611 1598 2642 Fr.
1611 2612 1650 2643 V.
1669 2611 1750 2643 Frit-

421 2672 554 2704 2schium
574 2673 717 2715 ‚Qusosn
732 2672 802 2703 Luc.
823 2684 849 2713 p.
870 2671 953 2709 209,
973 2671 1024 2711 qui
1046 2682 1113 2701 cum
1134 2669 1323 2708 wielando,
1344 2668 1400 2699 Th.
1421 2667 1449 2699 V
1462 2691 1474 2709 ,
1499 2668 1529 2698 S.
1555 2664 1641 2706 289,
1663 2673 1694 2697 et
1717 2667 1748 2698 in

421 2729 537 2759 adnott.
553 2739 619 2759 eum
651 2729 785 2759 Luciano
803 2729 955 2759 vindicant
973 2738 980 2760 ς
1006 2729 1072 2758 item
1094 2728 1126 2757 (ἶ.
1146 2726 1193 2756 Fr.
1213 2726 1363 2756 Hermann
1377 2748 1385 2763 ‚
1405 2725 1434 2755 in
1453 2723 1534 2764 Allg.
1555 2723 1677 2755 schulz,
1690 2724 1712 2754 l.
1726 2723 1749 2752 l.

417 2784 452 2815 S.
467 2782 542 2815 808.
