2154 3500
18 300 27 418 ..ω--ψ--Ὰ

10 2423 14 2459 <-—-<
11 2322 17 2406 aaa«-
11 2280 18 2316 ...-

1071 265 1117 303 11

434 390 644 433 dominari
676 391 816 448 coepit
830 423 841 444 ‚
867 404 1002 448 quum
1022 391 1077 433 ab
1101 391 1278 448 antiquo
1303 405 1379 432 suo
1404 391 1449 432 in
1475 389 1647 431 civitate
1671 403 1765 431 mu-

435 482 537 511 nere
576 468 824 526 eloquentia
849 478 1010 513 remota
1046 470 1092 512 in
1117 470 1266 514 insulis
1299 478 1342 514 et
1360 466 1460 513 Asia
1491 483 1536 512 se
1563 475 1694 513 totam
1710 469 1765 513 ad

434 547 588 590 fastum
619 554 661 591 et
681 547 1009 592 delectationem
1035 548 1350 605 composuisset.

493 627 802 682 Imperatorum
840 634 983 669 autem
1021 633 1159 670 aetate
1174 658 1186 679 ,
1220 627 1401 669 maxime
1431 625 1535 668 inde
1561 641 1586 669 a
1616 625 1768 668 Nicete

435 705 665 761 Smyrnaeo
681 737 692 757 ,
727 704 1028 747 scholasticum
1051 704 1253 746 orationis
1285 719 1422 761 genus
1449 704 1503 746 ad
1528 703 1764 747 inauditam

433 782 560 837 plane
602 783 895 826 celebritatem
929 791 971 826 et
1005 782 1133 825 simul
1164 782 1219 825 ad
1253 797 1405 826 novam
1444 782 1653 825 rationem
1687 794 1766 824 ex-

431 861 721 917 plicatumest
737 895 748 915 ,
778 877 855 919 per
882 863 1079 919 publicas
1107 876 1321 915 acmases,
1349 862 1396 905 in
1415 862 1573 919 quibus
1593 860 1647 905 de
1666 860 1766 903 nul-

431 940 484 981 lis
523 954 610 982 non
644 942 794 993 rebus,
842 955 940 983 eum
976 941 1203 992 meditate,
1242 948 1333 983 tum
1374 940 1421 981 in
1447 939 1599 996 primis
1622 938 1766 981 subito

431 1020 668 1064 dicebatur.
702 1022 795 1063 Jam
817 1020 989 1063 dicendi
1009 1021 1223 1079 magistri,
1249 1020 1326 1077 qui
1355 1020 1479 1062 istam
1502 1025 1637 1062 artem
1663 1032 1763 1074 pro-

431 1097 661 1141 fitebantur
680 1131 691 1151 ,
730 1097 938 1154 sophistae
976 1098 1083 1142 dicti
1115 1099 1309 1141 fuerunt.
1354 1098 1451 1152 Quo
1479 1104 1670 1153 tempore
1702 1095 1762 1138 ita

431 1176 605 1220 dilatata
631 1177 713 1219 fuit
743 1176 871 1232 hujus
898 1177 1199 1233 appellationis
1226 1176 1288 1218 vis
1303 1208 1314 1229 ,
1339 1183 1388 1218 ut
1410 1175 1691 1218 Philostratus
1714 1173 1761 1213 in

434 1253 680 1297 enarrandis
706 1254 801 1296 vitis
832 1253 1165 1313 Sophietarum
1197 1268 1284 1295 non
1314 1252 1575 1295 dubitaverit
1597 1253 1761 1294 Isocra-

428 1339 514 1373 tem
550 1339 679 1387 atque
708 1331 962 1375 Aeschinem
991 1333 1184 1388 aliosque
1229 1332 1428 1388 antiquos
1471 1321 1678 1386 rhetores
1712 1328 1759 1369 in

430 1423 577 1451 eorum
617 1423 790 1452 censere
834 1423 1010 1452 numero
1041 1420 1069 1451 ¹.
1140 1410 1192 1451 Et
1229 1423 1363 1466 quum
1395 1408 1486 1464 jam
1522 1405 1762 1463 antiquitus

427 1486 608 1529 rhetoris
630 1493 672 1529 et
692 1485 903 1543 sophistae
935 1487 1108 1530 nomina
1143 1486 1352 1528 confundi
1380 1486 1566 1527 solerent
1590 1485 1607 1509 ²
1626 1515 1638 1536 ,
1671 1484 1758 1524 Lu-

428 1565 542 1607 ciani
567 1565 743 1623 quidem
776 1573 913 1608 aetate
945 1565 1189 1621 saepissime
1224 1564 1376 1607 iisdem
1415 1562 1660 1605 hominibus
1683 1560 1758 1602 tri—

425 1643 530 1686 buta
570 1644 746 1686 fuerunt
771 1645 802 1685 ³.
844 1644 1049 1686 Universe
1086 1650 1227 1686 tamen
1262 1641 1315 1685 ad
1360 1640 1577 1684 notionem
1608 1652 1758 1682 recen-

478 1781 492 1800 1
522 1784 645 1815 Videat.
671 1783 765 1825 hujus
782 1784 828 1815 rei
844 1785 1038 1824 reprehensio
1065 1784 1096 1815 in
1116 1784 1216 1815 Geelii
1240 1781 1320 1818 nist.
1342 1784 1418 1815 crit.
1437 1783 1528 1823 soph.
1548 1793 1578 1823 p.
1597 1780 1637 1819 8;
1661 1781 1697 1813 C.
1717 1781 1753 1812 L.

429 1838 550 1878 Kayser
563 1861 572 1878 ,
600 1838 734 1870 praefat.
764 1839 796 1869 in
814 1839 896 1870 Edit.
916 1840 1062 1870 Philostr.
1081 1850 1112 1879 p.
1131 1838 1261 1870 XXXV.
1292 1839 1553 1881 Quemadmodum
1571 1837 1609 1868 de
1627 1837 1756 1876 antiqu·

425 1893 590 1933 sophistica
605 1894 672 1935 jam
692 1893 874 1935 Protagoras
894 1894 956 1937 (ap.
977 1896 1059 1927 Plat.
1079 1907 1109 1935 p.
1129 1894 1207 1932 316,
1230 1894 1303 1937 D.):
1322 1893 1390 1937 ἐγὼ
1412 1892 1455 1927 δὲ
1471 1895 1541 1937 τὴν
1554 1893 1757 1936 σοφιστικὴν

425 1949 556 1993 τέχνην
584 1949 677 1993 φημὶ
699 1947 763 1990 μὲν
788 1943 880 1982 εἶναι
901 1950 1079 1990 παλαιάν,
1105 1951 1149 1982 ita
1164 1951 1371 1984 Philostratus
1395 1952 1443 1991 (in
1460 1953 1596 1992 prooem.
1616 1951 1682 1981 Vit.
1702 1950 1758 1980 So-

425 2005 516 2045 phist.
539 2005 644 2039 oleat.
673 2016 705 2045 p.
727 2004 821 2049 481.)
850 2007 887 2037 de
909 2007 1007 2038 altera
1030 2006 1214 2047 sophistica:
1230 2005 1276 2048 ἣν
1291 2005 1379 2050 οὐχὶ
1395 2005 1499 2046 νέαν,
1517 2004 1655 2051 ἀρχαία
1668 2005 1757 2050 γὰρ,

425 2059 603 2104 δευτέραν
629 2057 672 2092 δὲ
696 2060 831 2099 μᾶλλον
857 2061 1082 2105 προςρητὲον.
1107 2062 1206 2103 Quam
1226 2061 1319 2102 igitur
1337 2062 1376 2092 ab
1393 2060 1546 2092 Aeschine
1563 2059 1674 2099 repetit
1685 2083 1695 2100 ,
1709 2065 1755 2090 et-

426 2116 453 2147 si
472 2121 541 2156 post
559 2126 628 2147 eum
647 2116 798 2148 neminem
816 2123 964 2148 memorat
982 2123 1055 2149 ante
1074 2117 1201 2149 Niceten
1221 2116 1421 2159 Smyrnaeum
1438 2115 1508 2161 (suh
1523 2116 1614 2148 finem
1633 2126 1714 2148 saec.
1725 2115 1754 2148 1.

428 2182 460 2209 p.
483 2171 584 2211 Chr.).
609 2170 758 2203 Nimirum
785 2173 938 2203 recentior
963 2173 1090 2204 omnino
1113 2174 1246 2204 nominis
1264 2174 1446 2214 significatio
1468 2174 1508 2204 sd
1529 2173 1659 2212 antiqua
1676 2178 1757 2203 tem-

425 2235 498 2264 pora
514 2225 675 2257 transferri
693 2226 823 2261 solebat.
848 2226 898 2258 Ita
914 2227 995 2267 apud
1005 2228 1077 2260 Ael.
1090 2228 1273 2268 Aristidem,
1294 2228 1366 2272 (Ed.
1385 2227 1481 2266 Jehb,
1503 2226 1538 2259 T.
1560 2228 1598 2268 1,
1617 2238 1647 2268 p.
1659 2226 1753 2270 517.)

423 2282 604 2313 Isocrates·
622 2283 735 2313 dieitur
752 2282 810 2319 τὶς
829 2281 902 2314 τῶν
915 2281 1106 2324 ἐλλογίμων
1123 2283 1186 2315 καὶ
1200 2283 1273 2317 τῶν
1289 2283 1456 2316 παλαιῶν
1472 2282 1653 2322 σοφιστῶν.

470 2342 486 2366 ²
510 2345 581 2376 vid.
605 2345 686 2379 Plat.
709 2346 802 2387 Gorg.
820 2357 850 2386 p.
866 2345 933 2377 465
946 2368 957 2387 ‚
980 2346 1017 2379 C.
1036 2348 1112 2379 coll.
1132 2358 1162 2387 p.
1182 2346 1261 2388 520,
1279 2349 1318 2381 A.

472 2402 487 2423 ³
514 2401 587 2432 vid.
617 2400 744 2431 Lucian.
777 2400 869 2433 Rhet.
903 2401 1009 2434 Praec.
1038 2413 1066 2436 c.
1100 2401 1132 2436 1.
1155 2397 1339 2446 ’.Ερωτᾷς,
1369 2391 1395 2433 ὦ
1430 2401 1626 2445 μειράκιον,
1662 2399 1756 2437 ὅπως

423 2453 470 2486 ἃν
493 2453 639 2501 ῥήτωρ
660 2455 810 2498 γένοιο
840 2455 903 2488 καὶ
925 2455 968 2488 τὸ
986 2455 1207 2496 σεμνότατον
1233 2458 1344 2490 τοῦτο
1368 2456 1430 2489 καὶ
1448 2456 1624 2497 πάντιμον
1640 2454 1752 2496 ὄνομα

422 2511 637 2553 σοφιστὴς
675 2511 815 2549 αὐτὸς
855 2503 974 2544 εἶναι
1022 2511 1189 2550 δόξαις.
1220 2513 1310 2545 eonf.
1348 2512 1408 2543 Rh.
1438 2513 1545 2544 Praee.
1572 2524 1602 2544 c.
1628 2511 1692 2552 25,
1716 2519 1747 2543 et

421 2565 581 2605 Apophras
600 2578 625 2597 s.
648 2567 792 2599 Pseudol.
816 2579 843 2599 c.
867 2567 926 2609 19,
947 2568 1013 2601 νῦν
1043 2566 1159 2614 ῥήτωρ
1179 2570 1241 2605 καὶ
1269 2569 1440 2611 σοφιστής.
1470 2570 1540 2610 lpse
1565 2576 1627 2601 tam
1650 2570 1751 2611 sophi·

421 2628 486 2652 stae
497 2632 589 2662 quam
599 2622 730 2654 rhetoris
741 2625 864 2655 nomine
873 2635 904 2655 se
914 2625 1082 2665 appellavit
1093 2648 1102 2665 ,
1112 2626 1194 2656 conf.
1208 2626 1267 2656 Pro
1278 2625 1368 2656 Here.
1381 2625 1479 2656 Cond.
1490 2635 1519 2657 e.
1534 2626 1677 2668 15(c‹›ll.
1691 2626 1742 2657 Bis

424 2680 499 2710 Aeo.
513 2689 540 2709 c.
553 2677 610 2721 27)
629 2685 660 2710 et
676 2679 727 2711 Bis
748 2682 821 2713 Aee.
835 2692 861 2715 ο.
877 2681 930 2713 14.
955 2682 999 2713 De
1018 2682 1180 2723 utriusque
1198 2682 1331 2713 nominis
1343 2681 1560 2722 distinetione,
1577 2683 1640 2715 vid.
1653 2682 1744 2714 Voss.

423 2733 458 2762 de
478 2731 536 2763 Rh.
559 2729 628 2765 Nat.
650 2739 679 2764 et
701 2734 805 2766 const.
824 2745 852 2776 p.
874 2734 950 2770 317;
978 2737 1108 2770 Cresoll.
1132 2736 1238 2769 Theat.
1261 2738 1331 2768 Vet-
1352 2736 1412 2768 Rh.
1433 2748 1462 2778 1·-
1488 2736 1540 2769 18.
