2154 3500
761 709 1201 768 Annum.

868 909 1087 926 ψ·

378 1061 456 1107 Ad
473 1074 584 1121 pag.
609 1060 801 1105 Discere.
824 1064 900 1113 13,
923 1063 962 1104 4.
992 1062 1042 1104 In
1056 1061 1232 1105 Luciani
1248 1069 1386 1106 aetate
1400 1062 1641 1107 definienda

314 1141 607 1183 desideramus
640 1140 916 1196 antiquorum
946 1140 1284 1184 testimoniorum
1322 1142 1641 1190 auctoritatem,

326 1234 422 1263 nam
446 1218 561 1277 quod
588 1232 720 1262 unum
742 1217 857 1275 apud
875 1215 1094 1274 Suidam,
1111 1218 1156 1262 in
1174 1233 1265 1264 voe.
1289 1223 1559 1271 Λουκιανός,
1576 1234 1642 1262 re-

321 1300 482 1340 fertur:
513 1296 719 1351 γενέσθαι
762 1295 942 1355 (vixisse,
974 1296 1183 1355 floruisse)
1220 1301 1291 1342 ἐπὶ
1316 1302 1391 1343 τοῦ
1424 1300 1644 1356 Καίσαρος

322 1377 544 1430 Τραϊανοῦ
592 1376 667 1416 καὶ
697 1374 926 1426 ἐπέκεινα,
963 1374 1234 1417 manifestum
1273 1375 1414 1420 habet,
1440 1390 1641 1418 errorem.
1695 1409 1698 1413 ,

316 1454 487 1495 Frustra
525 1453 687 1508 pariter
721 1452 873 1495 natalis
902 1451 1081 1494 Lueiani
1112 1453 1216 1495 anni
1243 1453 1439 1496 notitiam
1469 1454 1639 1497 efficere

319 1532 489 1575 coneris
512 1547 535 1577 e
555 1531 743 1574 virorum
761 1529 985 1574 doctorum
1006 1528 1397 1589 disquisitionibus,
1417 1545 1524 1589 quas
1542 1545 1645 1577 con-

322 1609 452 1666 gessit
471 1622 653 1666 suasque
676 1607 833 1664 adjecit
849 1607 1060 1650 Reitzim
1072 1639 1082 1658 ,
1112 1607 1157 1649 in
1184 1607 1358 1666 Sylloge
1370 1610 1562 1664 praefixa
1577 1610 1644 1654 ed.

320 1686 494 1729 Amstel.
510 1687 557 1728 T.
574 1687 594 1727 I
603 1718 614 1738 ,
629 1700 673 1740 p.
689 1686 782 1727 XLI
797 1707 845 1714 -
857 1685 1006 1726 LXIH.
1016 1705 1068 1713 ·—
1083 1685 1255 1727 Certum
1269 1693 1413 1728 autem
1428 1695 1510 1738 est,
1526 1690 1641 1743 quod

319 1762 446 1806 habet
467 1761 866 1813 Hemsterhueius,
897 1760 1035 1804 Praef.
1051 1760 1105 1803 ad
1123 1760 1364 1815 Pollucem,
1384 1775 1429 1818 p.
1451 1763 1509 1807 29
1524 1795 1536 1814 ‚
1557 1763 1644 1807 Lu-

324 1841 497 1883 cianum
522 1841 715 1885 floruisse
736 1842 816 1885 sub
841 1842 1155 1885 Antoninorum
1181 1841 1362 1897 imperio
1380 1848 1423 1884 et
1442 1854 1577 1898 usque
1596 1843 1641 1885 in

315 1921 532 1963 Commodi
564 1928 779 1977 tempora3
822 1935 920 1962 cum
954 1929 1131 1977 propter
1171 1920 1281 1973 alia,
1318 1927 1410 1962 tum
1438 1920 1555 1977 quod
1584 1921 1637 1962 M.

319 1998 544 2055 Aurelium
570 2003 676 2044 θεὸν
704 1999 917 2055 appellat,
943 1997 1175 2058 Alexandr.
1211 2013 1249 2041 c.
1279 1998 1349 2043 48.
1381 1997 1503 2040 Divi
1529 1997 1641 2041 enim

313 2075 545 2132 appellatio
578 2076 639 2139 ,ea
673 2083 811 2120 aetate
856 2076 1037 2120 mortuis
1069 2076 1242 2120 demum
1280 2075 1528 2120 Caesaribus
1567 2076 1646 2118 tri-

315 2153 526 2195 buebatur
574 2153 687 2212 (Ael.
715 2155 857 2210 Spart.
884 2155 928 2196 in
954 2153 1130 2216 Adrian.
1159 2167 1197 2196 o.
1227 2155 1313 2210 273
1341 2154 1512 2198 Vulcat.
1540 2154 1641 2198 Gal-

313 2233 385 2274 lic.
415 2231 460 2273 in
476 2231 601 2274 Avid.
627 2232 737 2277 Cass.
764 2246 803 2276 c.
829 2230 979 2289 7.).—
996 2230 1194 2276 Salanus
1220 2233 1266 2275 in
1295 2231 1640 2275 adnotationibus

313 2310 466 2363 passim
492 2317 693 2353 accurate
718 2317 959 2367 temporum
984 2311 1192 2354 rationem
1217 2311 1398 2355 attendit
1406 2327 1417 2364 ;
1455 2311 1573 2354 velut
1588 2309 1640 2352 ad

313 2387 455 2431 Somn.
496 2403 534 2432 c.
577 2391 652 2444 163
684 2389 838 2444 Quom.
877 2388 982 2432 Hist.
1012 2389 1183 2433 Conscr.
1212 2405 1250 2434 c.
1282 2390 1365 2432 14:
1414 2387 1643 2432 Alexandr.

315 2480 352 2510 c.
392 2469 477 2519 30,
511 2468 596 2520 34,
633 2468 716 2520 35,
750 2469 831 2521 48,
869 2469 952 2521 563
996 2468 1049 2511 de
1079 2468 1211 2511 Morte
1254 2469 1426 2526 Peregr.
1479 2481 1518 2511 c.
1560 2471 1641 2522 353

292 2544 386 2585 'sed
429 2559 515 2585 non
562 2553 660 2586 sunt
707 2546 876 2603 singula
914 2546 1013 2588 satis
1054 2547 1166 2588 inter
1197 2561 1239 2587 se
1273 2544 1452 2595 collata,
1500 2545 1643 2595 unde,
1682 2532 1684 2535 V

315 2624 397 2665 alio
425 2623 545 2674 loco,
571 2638 730 2666 annum
763 2624 890 2666 efficit
907 2640 949 2680 p.
966 2623 1064 2668 Chr.
1081 2625 1189 2669 CXX
1206 2658 1216 2675 ,
1242 2624 1291 2666 de
1306 2624 1438 2667 Morte
1467 2626 1644 2682 Peregr.

316 2715 352 2745 c.
382 2703 456 2753 35;
488 2699 595 2752 alio,
627 2700 775 2745 CXXX
794 2735 803 2751 .
833 2701 952 2747 Alex.
981 2717 1018 2747 c..
1053 2704 1122 2746 56.
