2154 3500
1069 317 1124 359 78

423 451 494 491 37.
531 448 675 505 Longe
689 460 789 487 sane
814 429 1009 485 diversus
1027 443 1073 485 in
1100 457 1151 486 eo
1174 442 1385 486 Lucianus
1414 459 1438 487 a
1458 444 1621 500 juvene
1643 447 1740 499 illo,

423 525 477 568 de
504 539 591 584 quo
616 523 796 579 scriptor
824 519 1079 574 Amorum,
1107 536 1145 565 c.
1164 523 1246 565 45:
1275 522 1484 567 Θεσσαλοὶ
1511 528 1592 583 γὰρ
1618 528 1744 571 ῗππσι

419 604 623 661 μέλουσιν
666 603 785 659 αὐτῷ
810 604 949 646 --ἐν
1001 604 1146 660 εἶρήνῃ
1187 601 1344 658 μελετᾷ
1390 605 1444 645 τὰ
1492 602 1743 663 πολεμικά.)

479 682 663 726 Omnino
683 695 887 738 quasnam
907 688 1048 737 partes
1072 681 1273 740 antiquae
1287 680 1550 724 educationis
1571 685 1743 726 mutatis

417 759 679 816 temporibus
710 758 954 814 probaverit
989 773 1179 816 suaeque
1210 760 1337 802 aetati
1370 760 1600 803 convenire
1623 760 1748 816 judi-

418 838 599 888 caverit,
637 851 717 879 nec
754 837 954 880 distincte
987 838 1109 881 nobis
1138 837 1398 896 designavit,
1428 853 1568 896 neque
1585 847 1646 881 est
1666 855 1745 883 cur

418 916 559 959 animo
600 915 644 956 id
683 915 823 972 ipsum
862 929 938 957 suo
980 915 1110 971 plane
1144 916 1224 958 sibi
1255 916 1512 973 explicatum
1546 915 1746 960 habuisse

418 1000 630 1048 putemus,
675 992 758 1043 At,
804 992 837 1032 si
882 992 1023 1033 minus
1065 992 1287 1047 pristinam
1335 992 1430 1048 ejus
1480 993 1659 1035 sormam
1707 1003 1749 1036 et

417 1069 587 1127 singula
633 1068 857 1120 instituta,
903 1081 1015 1124 quae
1062 1065 1107 1110 in
1152 1067 1443 1111 Anacharside
1492 1069 1745 1127 descripsit,

416 1148 634 1204 propriam
662 1154 778 1189 certe
814 1154 1009 1189 naturam
1038 1160 1088 1188 ac
1120 1147 1331 1203 principia
1366 1148 1585 1203 amplexus
1618 1150 1750 1191 omni-

417 1243 473 1271 no
509 1227 702 1280 videtur3
740 1226 950 1269 intellexit
992 1226 1219 1278 nimirum,
1256 1225 1615 1285 quemadmodum
1644 1228 1746 1281 illa,

413 1306 592 1363 politico
621 1305 795 1364 quidem
824 1304 1031 1357 consilio,
1070 1311 1359 1346 verumtamen
1394 1311 1481 1346 tota
1507 1305 1553 1346 in
1581 1319 1632 1347 eo
1668 1320 1742 1361 po-

414 1384 493 1426 sita
531 1384 708 1433 fuisset,
753 1390 802 1424 ut
846 1382 1038 1433 nativas,
1079 1388 1170 1422 tum
1213 1382 1368 1433 animi,
1411 1389 1501 1423 tum
1553 1384 1745 1438 corporis

414 1462 641 1504 facultates
654 1461 698 1502 in
712 1460 1070 1511 adolescentibus,
1086 1459 1376 1515 promovendo
1388 1459 1744 1519 corrigendoque,

421 1539 502 1581 rite
531 1538 833 1581 conformaret.
869 1552 891 1578 «
906 1537 1000 1580 Non
1030 1537 1129 1580 satis
1157 1537 1279 1580 nobis
1310 1536 1503 1590 videtur,
1523 1554 1545 1580 ›>
1588 1538 1716 1582 Solon
1734 1573 1745 1591 ,

416 1618 461 1660 in
493 1616 658 1660 Anach.
692 1631 732 1660 c.
761 1617 841 1668 20,
878 1614 1010 1668 dicit,
1041 1630 1128 1658 «eo
1147 1614 1273 1658 modo
1288 1615 1462 1673 ingenio
1483 1630 1573 1658 esse
1589 1630 1741 1658 unum-

417 1709 633 1753 quemque
661 1695 725 1735 uti
755 1700 880 1734 natus
914 1701 998 1743 cst,
1033 1694 1119 1734 sive
1148 1701 1356 1750 quantum
1372 1693 1425 1734 ad
1448 1708 1630 1748 corpus,
1655 1696 1743 1737 sive

416 1771 532 1827 quod
565 1771 619 1814 ad
653 1771 872 1822 animum;
907 1785 1054 1812 verum
1084 1771 1352 1813 institutione
1384 1770 1499 1826 apud
1536 1771 1739 1814 eosindi-

420 1864 568 1909 gemus
598 1865 649 1893 ac
679 1849 907 1906 disciplina
925 1882 937 1898 ‚
965 1864 989 1892 a
1013 1849 1170 1907 quibus
1197 1863 1296 1892 cum
1329 1864 1406 1902 ea,
1433 1865 1544 1909 quae
1560 1850 1746 1893 feliciter

418 1936 515 1971 nata
538 1935 663 1980 sunt,
689 1928 865 1970 meliora
891 1927 1027 1969 multo
1047 1927 1178 1979 fiant,
1212 1934 1304 1968 tum
1338 1941 1450 1984 quae
1477 1927 1588 1970 male
1610 1943 1654 1970 se
1669 1927 1749 1970 ha-

418 2007 544 2057 bent,
581 2006 938 2047 transformentur
968 2006 1014 2047 in
1041 2005 1211 2048 melius.
1243 2006 1495 2060 Exemplum
1526 2006 1647 2048 nobis
1685 2015 1749 2049 cst

418 2086 474 2127 ab
506 2083 734 2142 agricolis,
766 2084 842 2139 qui
871 2083 1065 2138 plantas,
1103 2082 1309 2141 quamdiu
1343 2082 1526 2125 humiles
1558 2091 1657 2126 sunt
1689 2099 1741 2127 ac

420 2170 593 2206 tenerae
623 2167 776 2218 tegunt
810 2174 861 2203 ac
896 2160 1091 2217 sepiunt3
1125 2174 1225 2203 cum
1256 2174 1356 2202 vero
1384 2158 1475 2215 jam
1512 2160 1745 2204 crassitiem

419 2241 612 2300 aliquam
651 2239 851 2281 surculus
884 2238 1045 2291 babet,
1080 2246 1171 2281 tum
1205 2246 1247 2281 et
1278 2239 1492 2296 superflua
1526 2241 1748 2296 putatione

420 2324 637 2369 resecant,
674 2325 716 2359 et
754 2317 889 2358 ventis
928 2331 997 2359 eas
1026 2317 1277 2372 quatiendas
1303 2317 1612 2374 agitandasque
1644 2319 1747 2360 dum

419 2395 700 2453 permittunt,
746 2393 980 2437 fertiliores
1010 2394 1324 2437 efficiunt.›>—
1344 2394 1579 2438 Lucianum
1620 2410 1748 2451 porro

416 2489 509 2517 eam
553 2474 759 2530 antiquae
800 2472 1052 2529 disciplinae
1099 2479 1289 2529 partem,
1334 2486 1446 2529 quae
1487 2472 1533 2515 in
1568 2487 1747 2529 corpore

421 2550 741 2595 corroborando
795 2558 837 2594 et
892 2549 1187 2607 componendo
1232 2551 1369 2606 posita
1421 2550 1526 2603 suit,
1576 2550 1743 2594 sublato

420 2632 545 2674 etiam
576 2631 717 2687 prisco
749 2630 926 2674 militari
959 2629 1050 2685 ejus
1077 2643 1184 2682 usu,
1217 2629 1302 2670 suis
1327 2629 1458 2685 ipsius
1482 2629 1745 2686 temporibus

415 2708 660 2768 probasse,
705 2710 837 2768 coligi
873 2716 1013 2767 potest
1053 2723 1075 2750 e
1126 2706 1356 2759 laudibus,
1385 2722 1489 2764 quas
1522 2708 1740 2751 interdum

420 2789 672 2847 aequalibus
710 2788 955 2832 hominibus
990 2803 1040 2831 eo
1069 2787 1241 2829 nomine
1268 2786 1431 2828 tribuit.
1463 2787 1512 2829 In
1540 2787 1740 2830 charete-
