2154 3500
975 260 1053 299 *33

364 382 457 424 l'uit.
490 383 727 426 Consimilis
741 384 985 441 argumenti
998 385 1208 439 Luciauus
1225 385 1536 433 oratiunculam
1554 386 1656 428 fecit
1674 420 1685 439 ,

363 464 510 516 inqua
534 458 714 503 Musaue
735 462 914 505 formam
932 468 975 504 et
1003 461 1180 505 virtutes
1196 463 1451 519 explicavit,
1480 465 1523 506 in
1539 465 1688 520 primis

360 538 648 596 singularem,
690 548 731 583 et
768 541 824 584 ab
858 541 1041 583 Homero
1081 538 1183 582 olim
1222 541 1480 585 celebratam
1517 541 1687 584 fortitu-

362 617 506 660 dinem
524 624 535 648 ¹
555 652 566 671 ,
589 626 719 679 atque
734 620 1017 677 immortalem
1040 618 1133 675 ejus
1149 626 1344 664 naturam
1356 619 1386 663 ².
1417 620 1539 663 Idem
1558 618 1686 662 habet

363 711 496 753 genus
538 691 617 741 'sed
665 699 922 741 deteriorem
979 706 1123 741 notam
1178 698 1308 756 longa
1356 699 1589 754 disputatio
1634 698 1688 739 de

361 774 635 829 Saltatione‚
682 792 793 835 quae
830 779 970 834 prima
1011 777 1186 834 quidem
1233 778 1372 820 fronte
1411 778 1551 819 irrisio
1597 793 1685 819 esse

364 853 554 897 videatur
602 855 835 900 levissimae
881 855 982 898 artis
1019 854 1301 912 sophisticae,
1350 870 1497 898 verum
1541 869 1689 912 reapse

362 932 578 988 specimen
606 933 698 989 ejus
732 933 919 978 exhibet.
952 935 1056 978 Cum
1092 934 1227 976 multa
1254 933 1475 976 doctrinae
1508 942 1691 975 ostenta-

364 1012 476 1052 tione
500 1011 515 1033 ³
556 1013 741 1066 primum
781 1014 825 1054 in
869 1014 944 1056 illo
992 1014 1214 1055 universae
1249 1014 1484 1055 saltationis
1514 1014 1689 1068 antiqua

363 1089 593 1131 auctoritas
612 1098 653 1132 et
677 1090 853 1134 historia
877 1097 1099 1134 enarratur
1114 1125 1125 1142 ‚
1156 1089 1313 1133 deinde
1331 1090 1693 1146 pantomimorum

363 1166 609 1210 nominatim
637 1169 895 1224 praestantia
933 1169 1187 1224 exponitur:
1226 1175 1276 1209 ut
1308 1181 1456 1210 eorum
1488 1181 1556 1209 ars
1586 1181 1688 1209 con-

359 1247 510 1301 juncta
547 1246 601 1290 sit
623 1261 722 1289 cum
752 1247 868 1290 omni
893 1246 1032 1290 studio
1057 1243 1335 1289 humanitatis
1354 1280 1366 1299 ‚
1398 1252 1440 1289 et
1466 1260 1569 1302 prae
1605 1252 1692 1288 tra·—

363 1324 514 1381 goedia
548 1332 590 1366 et
620 1323 871 1368 comoedia*
902 1332 944 1367 et
967 1324 1261 1383 gymnastica⁵
1282 1323 1468 1365 multum
1482 1324 1689 1375 excellat,

362 1404 549 1460 denique
593 1417 680 1444 una
719 1404 764 1445 in
807 1404 956 1458 paucis
1001 1403 1146 1446 efficax
1185 1402 1239 1443 sit
1276 1401 1331 1443 ad
1364 1402 1690 1444 conformandos

360 1472 731 1542 emendandosque
757 1494 895 1523 mores
907 1487 936 1523 ⁶.

413 1558 505 1603 lam
530 1558 737 1615 ejusmodi
754 1557 1001 1601 libellorum
1024 1558 1126 1600 licet
1144 1557 1248 1615 jure
1276 1557 1373 1615 quis
1399 1564 1534 1601 artem
1557 1556 1690 1600 admi-

361 1649 505 1690 retur,
551 1638 744 1695 profecto
791 1650 915 1678 nemo
960 1635 1133 1692 negabit
1189 1636 1430 1678 universam
1479 1636 1686 1677 rationem

355 1847 409 1876 lib.
431 1846 468 1886 1,
491 1845 559 1887 7.§
582 1843 612 1875 1.
638 1844 743 1875 Olear.
764 1854 793 1883 p.
812 1841 896 1883 487,
917 1842 1093 1883 subjungit:
1121 1841 1181 1872 καὶ
1202 1840 1318 1873 ὁπόσα
1334 1840 1402 1884 οὐχ
1419 1839 1509 1885 ὑπὲρ
1528 1839 1688 1880 μεγάλων

352 1900 593 1933 ἕσπούὸασται
611 1898 662 1941 τῷ
683 1898 808 1936 Δίωνι,
836 1899 884 1940 μὴ
908 1896 1014 1942 μικρὰ
1039 1896 1239 1938 ἡγώμεθα,
1265 1895 1356 1927 ἀλλὰ
1377 1896 1567 1934 σοφιστικοὶ·
1587 1903 1687 1931 σοφι-

352 1957 436 1988 στοῦ
459 1956 527 2001 γὰρ
543 1955 585 1987 τὸ
608 1954 671 1986 καὶ
695 1951 786 1999 ὑπὲρ
805 1951 973 1985 τοιούτων
989 1952 1218 1994 σπουδάζειν.

400 2032 409 2053 ¹
439 2032 533 2063 muse.
554 2025 681 2063 Encom.
698 2042 726 2061 c.
744 2029 776 2061 5.
795 2029 887 2060 Iliad.
908 2029 1024 2069 XVII,
1043 2027 1119 2061 570.

399 2099 414 2115 ²
440 2097 537 2128 nuso.
562 2097 638 2129 Eue.
656 2107 682 2130 c.
703 2096 735 2127 7.
766 2094 1055 2134 Reprehendendum
1070 2104 1135 2124 esse
1155 2094 1314 2125 Platonem
1339 2094 1422 2134 quod
1440 2095 1497 2126 hoc
1515 2097 1614 2127 solum
1637 2108 1682 2127 ar-

351 2159 525 2195 gumentum
547 2152 702 2187 omiserim
724 2157 874 2182 mortuam
892 2150 971 2182 enim
994 2161 1129 2181 muscam
1150 2149 1287 2189 insperso
1306 2150 1407 2181 cinere
1426 2151 1529 2183 denuo
1547 2152 1576 2182 in
1595 2153 1684 2183 vitam

355 2211 504 2241 mscitari.

403 2280 416 2299 ³
441 2275 513 2306 Vid.
535 2274 572 2306 de
592 2273 701 2305 saltat.
721 2284 748 2304 c.
767 2271 827 2314 33,
850 2270 912 2310 35,
932 2269 986 2302 61.

399 2339 414 2358 ⁴
442 2338 485 2369 De
505 2337 616 2368 Saltat.
632 2348 660 2368 c.
679 2335 733 2368 27.

403 2400 415 2419 '⁴
444 2403 523 2434 Ibid.
538 2414 566 2433 c.
588 2401 641 2434 71.

403 2462 421 2483 ⁶
450 2466 495 2497 De
513 2466 591 2496 salt.
609 2476 636 2496 c.
664 2464 706 2504 6,
734 2463 795 2501 72,
828 2463 890 2504 79,
923 2462 978 2494 81.
1013 2463 1107 2494 Recte
1135 2465 1344 2503 Wielandus,
1374 2465 1431 2495 Th.
1454 2465 1522 2505 1v,
1547 2466 1576 2495 S.
1596 2467 1680 2505 433,

350 2535 418 2554 cnm
441 2521 611 2554 immodicis
631 2521 760 2553 Luciani
777 2520 921 2552 laudibus
940 2520 1074 2553 contulit
1091 2519 1255 2553 Juvenalis
1271 2519 1334 2553 Sat.
1351 2520 1408 2553 VI.
1429 2533 1460 2552 v.
1476 2520 1615 2555 63-66.
1628 2540 1676 2547 --

355 2579 420 2609 Non
438 2577 647 2609 dubitavimus
669 2577 729 2608 hoc
753 2587 829 2616 opus
856 2577 889 2606 in
911 2576 1107 2617 juvenilibus
1126 2575 1255 2608 Luciani
1273 2576 1396 2615 scriptis
1420 2588 1582 2617 reponere:
1610 2590 1678 2609 nam

350 2634 490 2677 ‹piamvis
507 2633 730 2666 dubitationem
747 2634 878 2665 sortasse
893 2631 945 2664 cui
959 2631 1086 2664 afferant
1106 2643 1133 2664 c.
1156 2630 1195 2674 2,
1225 2630 1289 2673 83,
1311 2630 1354 2665 76
1369 2643 1432 2664 non
1456 2634 1532 2666 satis
1552 2640 1653 2667 tamen
1667 2661 1676 2676 ‚

353 2692 449 2723 iniis
478 2691 554 2721 locis
576 2692 725 2731 momenti*
743 2702 809 2722 esse
835 2690 956 2721 videtur
968 2714 976 2730 ,
995 2690 1078 2721 conf.
1100 2700 1221 2730 quoque
1238 2700 1321 2728 supr,
1340 2689 1429 2721 nobis
1444 2697 1544 2723 notat.
1563 2703 1592 2732 p.
1612 2691 1648 2723 2l
1668 2717 1675 2730 ‚

353 2750 423 2778 adn.
445 2746 476 2777 3.
499 2757 527 2786 p.
546 2744 609 2784 27,
628 2746 731 2785 ibique
747 2747 818 2775 adn.
839 2745 869 2776 3.
984 2736 992 2741 ”

1448 2819 1469 2849 5
