2154 3500
1047 274 1136 320 '32

446 406 635 448 solennia
669 406 1047 448 controversiarum
1087 414 1336 464 argumenta
1366 409 1541 452 suerunt
1577 418 1618 462 ¹,
1661 425 1757 453 vcn-

434 493 546 526 tosae
591 490 632 525 et
666 483 854 534 enormi,
892 498 1019 542 quam
1055 484 1277 526 Petronius
1317 487 1571 541 appellavit,
1616 489 1757 531 decla-

432 567 641 604 matorum
658 560 906 618 loquacitati
920 561 964 602 in
981 560 1125 617 primis
1138 568 1376 617 opportuna
1392 567 1608 617 materies,
1629 580 1755 625 quam

436 646 578 681 tamen
604 652 703 679 cum
728 646 819 680 arte
858 645 900 681 et
934 639 1142 694 elegantia
1182 646 1461 694 pertractasse
1488 642 1699 686 Lucianus
1734 659 1757 686 a

431 718 532 759 viris
553 717 687 758 doctis
711 725 910 759 censetur
932 718 961 759 ².
994 716 1185 759 Phalaris
1217 717 1405 774 denique
1431 720 1678 764 referendus
1704 725 1755 765 ad

429 797 523 838 illas
570 796 752 845 ἀδόξους
797 796 884 837 sive
926 799 1114 852 πονηρὰς
1151 796 1381 845 ὑποθέσεις
1418 795 1456 849 ³,
1512 799 1557 840 in
1602 803 1758 859 quibus

427 873 518 930 ipsa
532 872 718 916 deterior
735 887 881 917 caussa
899 874 1105 917 oratoriae
1123 874 1334 917 facultatis
1358 874 1529 919 laudem
1555 879 1755 936 augebat.

429 952 480 992 In
515 951 686 1007 priore,
726 951 910 994 famosus
945 952 1278 1009 Agrigentorum
1314 953 1535 1010 Tyrannus
1576 970 1754 999 aeneum

430 1045 555 1072 suum
574 1038 745 1072 taurum
775 1031 959 1086 Delphos
992 1032 1214 1073 donarium
1242 1032 1397 1077 mittit,
1421 1040 1463 1074 et
1489 1048 1564 1088 per
1593 1035 1754 1090 legatos

428 1107 487 1149 ita
523 1122 546 1149 a
586 1106 849 1149 crudelitatis
894 1108 1021 1163 culpa
1056 1123 1098 1150 se
1146 1108 1330 1154 liberat,
1371 1115 1419 1149 ut
1458 1116 1622 1153 tantum
1670 1126 1755 1156 non

427 1184 779 1227 humanissimum
821 1186 1065 1227 mortalium
1116 1200 1213 1226 eum
1258 1200 1347 1227 esse
1387 1196 1589 1241 appareat
1625 1187 1663 1241 ⁴3
1711 1191 1753 1231 in

424 1262 559 1307 altero
575 1298 586 1316 ,
613 1262 876 1321 Delphorum
898 1264 1073 1321 quidam
1094 1263 1287 1308 sacerdos
1304 1266 1533 1310 suasoriam
1550 1264 1655 1309 dicit
1678 1280 1755 1323 pro

425 1342 675 1397 accipiendo
705 1342 830 1386 dono.

489 1424 540 1465 In
566 1423 650 1464 alio
681 1429 899 1478 praeterea
933 1437 1114 1477 genere,
1145 1438 1230 1464 non
1258 1424 1434 1478 perinde
1451 1424 1752 1466 declamatorio

428 1501 500 1544 sed
549 1500 759 1558 exquisite
801 1506 942 1540 tamen
998 1498 1253 1554 sophistico,
1302 1501 1511 1543 calamum
1544 1501 1754 1543 Lucianus

427 1578 647 1631 exercuit,
686 1591 969 1636 nempevquo
1012 1576 1213 1635 exiguum
1257 1584 1331 1620 aut
1365 1578 1490 1622 futile
1536 1578 1753 1637 negotium

424 1657 589 1701 facetiis
631 1663 761 1714 atque
808 1655 1038 1713 pigmentis
1084 1655 1364 1698 adornaretur
1407 1657 1461 1700 ad
1499 1657 1751 1699 rhetoricam

424 1735 730 1777 recitationem.
764 1735 917 1775 Fuerat
940 1734 1174 1791 antiquitus
1189 1733 1279 1788 jam
1297 1735 1340 1776 in
1363 1735 1438 1776 illo
1469 1718 1750 1790 sophistarum

420 1813 609 1856 studium
635 1813 818 1869 positum
838 1845 849 1863 ,
865 1826 946 1854 nec
975 1811 1212 1853 recentiore
1230 1818 1418 1867 tempore
1439 1812 1596 1867 optima
1618 1825 1749 1868 quae-

422 1891 517 1934 dam
554 1891 726 1948 ingenia
759 1890 869 1931 illud
909 1896 1132 1945 aspernata
1172 1889 1369 1942 fuerunt;
1418 1891 1482 1931 uti
1517 1890 1562 1931 in
1606 1890 1750 1931 Dionis

420 1969 706 2030 Chrysostomi
746 1967 985 2024 sophisticis
1032 1967 1201 2023 scriptis
1237 1964 1253 1987 ⁵
1293 1965 1473 2010 Culicis
1509 1967 1748 2010 encomium

468 2117 482 2141 l
507 2119 580 2149 vid.
598 2118 817 2159 Tyrannio-idas
835 2118 914 2157 apud
931 2118 971 2148 M.
993 2117 1076 2147 Anu.
1097 2117 1251 2147 Senecam.
1272 2117 1295 2146 l.
1315 2115 1343 2155 I,
1362 2121 1460 2146 contr.
1479 2115 1519 2151 73
1541 2115 1607 2146 1.11
1630 2126 1658 2145 e.
1686 2114 1745 2147 132

421 2179 452 2205 et
472 2173 612 2213 Excerpt.
630 2172 796 2205 Declamat.
817 2172 841 2205 l.
863 2172 931 2209 111,
951 2177 1049 2203 contr.
1069 2170 1144 2207 631.
1162 2171 1228 2212 lv,
1247 2182 1275 2202 c.
1298 2170 1329 2203 7.
1361 2170 1443 2202 nial.
1466 2170 1503 2201 de
1530 2169 1630 2201 orm.
1650 2180 1676 2201 c.
1694 2168 1749 2200 35.

424 2243 440 2260 «
451 2229 722 2270 Tyranni-:iduum
732 2228 934 2267 praemia-aut
944 2228 1091 2268 quidquid
1102 2228 1133 2258 in
1144 2228 1248 2259 schola
1258 2227 1383 2258 cottidie
1399 2227 1529 2268 agitur.»
1542 2226 1613 2257 Luc.
1625 2227 1662 2258 de
1671 2225 1748 2257 Sult.

419 2295 446 2316 c.
467 2283 531 2324 65,
553 2282 627 2315 τῶν
645 2281 809 2321 μελετῶν
828 2281 1207 2327 πρόσωπα-ἀριστεῖς,
1227 2281 1250 2323 ἢ
1269 2278 1537 2325 τυραννοκτόνοι
1554 2291 1584 2312 κ.
1604 2291 1638 2311 τ.
1655 2278 1686 2311 λ.

464 2354 481 2378 2
504 2349 644 2387 Impense
669 2347 888 2388 Tyrannicidae
912 2353 942 2378 et
960 2347 1120 2386 utriusque
1148 2346 1321 2377 Phalaridis
1349 2353 1443 2377 artem
1470 2345 1642 2376 dilaudavit
1658 2345 1746 2375 Wie-

418 2404 528 2436 landus
540 2427 550 2445 ,
566 2403 625 2434 Th.
642 2402 689 2434 VI
702 2427 710 2443 ‚
729 2402 760 2434 S.
780 2400 862 2442 245,
887 2401 962 2434 303.
990 2402 1224 2443 Tyrannicidam
1236 2412 1357 2443 quoque
1368 2406 1440 2432 sunt
1450 2400 1591 2431 admirati
1605 2400 1747 2431 Erasmus

420 2468 451 2492 et
469 2461 577 2493 Thom.
597 2460 720 2499 Morus,
744 2460 797 2499 qui
816 2460 933 2491 Latinis
952 2460 1224 2491 declamationibus
1243 2460 1413 2490 Lucianeae
1421 2458 1658 2498 responderunt,
1672 2468 1747 2498 quas

417 2517 480 2552 vid,
499 2516 532 2548 in
559 2515 686 2547 Luciani
706 2514 850 2556 quibusd.
864 2514 980 2546 libellis
992 2539 1001 2557 ‚
1013 2515 1138 2547 Erasmo
1151 2515 1310 2556 interpret.
1327 2514 1424 2545 Basil.
1438 2512 1534 2545 1517.
1555 2524 1603 2554 ap.
1615 2512 1744 2544 Froben.

462 2583 479 2607 3
500 2585 614 2626 Quales
638 2585 699 2614 vid.
725 2585 807 2624 apud
831 2585 961 2616 Cresoll.
988 2585 1018 2614 in
1049 2584 1169 2615 Theatr.
1199 2584 1288 2613 Rhet.
1311 2584 1334 2612 1.
1354 2582 1425 2621 111,
1442 2593 1469 2612 c.
1490 2581 1521 2615 9,
1545 2593 1571 2620 p.
1595 2581 1657 2612 104
1678 2592 1743 2620 sqq.

462 2647 482 2669 ⁴
507 2650 579 2681 vid.
598 2649 724 2682 Phalar.
743 2661 789 2691 pr.
810 2661 837 2682 c.
856 2649 897 2684 6.
917 2648 948 2681 8.

462 2712 478 2735 ⁵
509 2712 629 2755 Synes'ii
649 2715 739 2746 Dion.
769 2716 801 2745 in
820 2716 913 2746 Dion.
942 2715 1041 2745 Oratt.
1058 2713 1106 2744 ed.
1129 2713 1259 2752 Reinke,
1275 2713 1345 2743 vol.
1360 2712 1393 2751 1,
1411 2724 1438 2752 p.
1452 2711 1505 2744 19.
1531 2712 1626 2743 Etiam
1639 2711 1745 2751 psitta-

418 2780 486 2800 cum
509 2770 759 2810 laudavit-Dion,
788 2771 894 2812 Syncs.
916 2782 944 2810 p.
970 2769 1030 2808 13,
1049 2769 1100 2800 15.
1120 2770 1214 2809 Quam
1239 2769 1288 2798 ubi
1315 2774 1457 2799 memorat
1479 2767 1624 2797 Philostr.
1644 2767 1682 2797 V.
1705 2766 1735 2796 S.
