2154 3500
1011 263 1063 303 57

388 388 535 433 laudes
578 395 786 445 perpetuo
828 394 1120 440 ostententur;
1160 386 1268 430 nihil
1296 386 1534 446 quidquam
1565 393 1716 444 agatur

384 466 475 507 siue
514 464 757 508 Marathone
786 474 827 509 et
852 464 1088 524 Cynaegiro
1111 465 1141 507 ¹.
1173 465 1333 509 Vocem
1366 459 1640 520 impudenter
1670 464 1716 505 in

385 551 559 586 cantum
603 544 1023 600 modulari·oportet
1056 541 1089 585 ².
1145 543 1298 586 Femur
1331 544 1445 586 inter
1485 541 1716 585 dicendum

387 620 654 678 percutiatur
683 622 727 676 ⁸3
762 620 1155 679 corporis-omnino
1182 620 1407 665 immodica
1426 619 1501 664 fiat
1529 619 1716 679 gesticu—

384 698 501 741 latio.
530 699 567 741 A
587 699 814 742 scribendo
849 697 1147 740 meditandove
1179 698 1326 739 sedulo
1361 699 1407 739 in
1440 697 1588 754 primis
1617 697 1712 738 abs-

385 777 594 830 tineatur,
632 792 800 833 semper
832 777 1002 818 dicatur
1034 777 1174 817 subito
1205 782 1235 817 ⁴.
1266 776 1428 819 Chorus
1458 775 1715 817 adhibeatur

382 858 643 908 amicorum,
686 856 762 912 qui
807 856 1038 911 obligatam
1083 855 1331 910 plausorum
1356 860 1549 909 'operam
1597 869 1714 897 eom-

388 933 573 978 modent.

449 1014 565 1055 Haec
603 1014 648 1055 in
683 1012 944 1056 orationibus
974 1018 1203 1067 praecepta
1233 1017 1332 1051 sunt
1356 1010 1629 1054 observanda.
1662 1013 1713 1054 Ιιι

382 1203 421 1235 αἱ
446 1202 489 1235 δὲ
512 1202 585 1234 τῶν
617 1201 758 1234 πολλῶν
781 1202 956 1239 διαλέξεις
991 1203 1052 1233 καὶ
1086 1202 1236 1241 μελέται
1267 1203 1535 1241 σοφιστῶν-τοϊς
1563 1202 1710 1241 ὀνόμασι

381 1258 685 1303 παραπετάσμασι
716 1256 875 1302 χρῶνται
899 1256 973 1289 τῶν
1002 1257 1249 1300 διανοημάτων
1268 1270 1299 1290 κ.
1320 1270 1354 1290 τ.
1373 1270 1403 1291 ε.
1434 1259 1524 1290 Cous.
1552 1265 1635 1290 auct.
1653 1259 1710 1290 lib.

386 1313 424 1343 de
440 1323 527 1352 puer.
544 1313 633 1343 educ.
652 1312 758 1342 Reisk.
777 1311 935 1342 Plutarch.
952 1312 986 1345 T.
1007 1311 1054 1343 VI
1061 1335 1070 1353 ‚
1091 1323 1123 1352 p.
1145 1311 1201 1344 19.

430 1388 443 1407 ¹
470 1386 532 1420 Rh.
560 1387 612 1417 Pr.
645 1398 673 1418 e.
711 1384 765 1417 18.
806 1385 1055 1417 Marathonius
1089 1387 1159 1418 iride
1192 1387 1422 1427 cognominatus
1456 1398 1522 1419 esse
1556 1388 1710 1418 ferebatur

390 1441 586 1472 Ptolemaeus
616 1440 821 1475 Numantinis,
851 1440 914 1471 vid.
943 1441 1091 1472 Philostr.
1115 1441 1157 1472 V.
1175 1441 1208 1473 S.
1229 1442 1252 1471 l.
1273 1440 1328 1481 ΙΙ,
1347 1440 1390 1472 15
1403 1463 1412 1480 ,
1428 1442 1445 1483 §
1461 1441 1493 1471 l.
1517 1441 1709 1481 Diophantus

384 1488 558 1529 in¹funehri
576 1503 655 1528 orat.
673 1497 710 1527 de
731 1496 906 1527 Proaeresio
926 1496 1055 1537 (laudat.
1077 1507 1117 1537 ap
1132 1496 1263 1531 Cresoll.
1284 1508 1314 1536 p.
1336 1495 1435 1539 103):
1465 1484 1492 1527 εἶ
1514 1495 1710 1542 Μαραθὼν

383 1553 444 1584 καὶ
464 1550 640 1595 Σαλαμᾷν
663 1551 730 1582 νῦν
760 1550 974 1593 σεσίγησθε,
1003 1549 1082 1583 οἵαν
1118 1550 1296 1593 σάλπιγγα
1324 1550 1397 1583 τῶν
1422 1551 1603 1596 ὑμετέρων
1627 1563 1709 1595 τρο-

383 1610 499 1642 παίων
515 1606 786 1646 ἀπολωλέκατε,
811 1607 931 1647 Eunap.
951 1607 1017 1639 vit.
1036 1607 1129 1647 Soph.
1146 1608 1194 1639 ed.
1213 1607 1362 1649 Boisson,
1382 1619 1413 1647 p.
1433 1606 1487 1639 94.

428 1672 446 1691 2
470 1672 530 1706 Rh.
555 1672 605 1702 Pr.
629 1682 657 1702 c.
678 1670 740 1710 15,
769 1668 822 1701 19.
856 1670 972 1701 cantus
993 1670 1048 1701 ille
1065 1670 1271 1702 Asiaticorum
1291 1672 1450 1711 proprius,
1463 1672 1529 1711 jam
1544 1678 1669 1702 notatur
1690 1683 1707 1701 a

381 1731 480 1762 Cicer.
502 1730 589 1761 Orat.
608 1739 636 1760 c.
655 1726 698 1768 8,
717 1725 776 1762 185
791 1737 829 1757 ex
847 1726 922 1757 Asin
938 1732 1040 1757 autem
1057 1727 1187 1758 maxime
1205 1726 1297 1767 Soph.
1315 1728 1493 1767 eloquentia
1506 1727 1707 1758 inGraeciam

379 1786 580 1826 migraveram
601 1784 683 1815 conf.
702 1783 825 1813 Petrori.
846 1781 946 1823 Satyr.
965 1793 992 1816 c.
1012 1780 1047 1813 2.
1074 1782 1199 1822 Saepius
1216 1784 1254 1814 de
1279 1783 1366 1823 soph.
1382 1790 1477 1815 cantu
1492 1784 1709 1815 Philostratus.

382 1840 530 1872 Romanis
550 1840 605 1871 ille
624 1838 749 1870 auribus
777 1838 810 1869 in
830 1848 875 1877 pr.
896 1838 1068 1878 jucundus:
1094 1837 1220 1869 ἐκεῖνοι
1243 1836 1307 1877 μὲν
1337 1836 1438 1881 ᾠδὴν
1452 1837 1617 1877 ἐκάλουν,
1638 1838 1705 1880 ἐγὼ

380 1894 424 1927 δὲ
450 1894 654 1934 φιλοτιμίαν
668 1917 677 1933 ,
704 1893 821 1924 Philos.
841 1893 874 1924 iu
893 1892 1063 1930 Favorino,
1093 1892 1111 1935 ᾗ
1136 1894 1177 1930 4;
1199 1894 1281 1925 conf.
1305 1894 1338 1925 in
1360 1893 1507 1926 Hadrian.
1530 1894 1547 1936 §
1570 1894 1602 1926 5.
1633 1895 1707 1925 Plu-

383 1954 480 1986 tarch.
511 1953 548 1984 de
575 1952 671 1983 audit.
698 1951 805 1982 Reisk.
834 1962 864 1990 p.
894 1949 978 1991 149,
1004 1951 1041 1982 de
1069 1950 1279 1990 Sophistarum
1302 1951 1387 1982 vocis
1414 1950 1615 1991 ἐμμελείαις
1642 1951 1704 1982 καὶ

380 2008 604 2051 μαλακότησι
622 2007 684 2039 καὶ
703 2006 915 2051 περιᾴσεσιν.
942 2007 1017 2040 Luc.
1036 2013 1138 2038 autem
1153 2007 1266 2042 Electr.
1277 2019 1305 2042 c.
1317 2007 1358 2049 6,
1374 2007 1417 2040 τὸ
1429 2005 1471 2039 δὲ
1479 2007 1575 2049 ἔμον,
1592 2008 1703 2047 iuquit.

381 2061 681 2097 ἂπλοῖκὸν-οὖδὲ
706 2073 759 2098 τις
786 2060 863 2105 ᾠδὴ
882 2061 1081 2106 πρόσεστιν.
1308 2052 1312 2056 “

429 2127 444 2148 ³
468 2128 529 2163 Rh.
552 2128 602 2160 Pr.
628 2139 656 2159 c.
680 2125 733 2158 19.
757 2126 906 2159 Philostr.
922 2127 959 2158 de
979 2115 1215 2170 Scopelianoff
1239 2130 1258 2159 4
1273 2152 1281 2168 ,
1305 2126 1370 2160 τόν
1399 2139 1441 2160 τε
1468 2128 1581 2172 μηρὸν
1595 2126 1701 2165 θαμὰ

380 2182 572 2226 ξ’πληττεν.

427 2251 444 2274 4
467 2248 528 2279 Rh.
555 2248 606 2279 Pr.
626 2258 654 2278 e.
674 2246 727 2278 20.
753 2248 794 2278 Ut
812 2248 901 2287 longe
920 2248 1057 2287 plerique
1077 2248 1230 2287 sophistae
1253 2249 1357 2278 subito
1375 2248 1407 2278 in
1423 2259 1468 2286 pr.
1485 2248 1644 2285 dicebant,
1666 2248 1705 2277 ita

378 2303 517 2344 princeps
545 2312 650 2335 eorum
674 2301 808 2334 Herodes
827 2302 967 2338 Atticus,
990 2308 1175 2334 memorante
1194 2302 1340 2334 Philostr.
1356 2302 1379 2334 l.
1399 2301 1433 2343 1,
1456 2300 1519 2341 25,
1537 2300 1554 2344 ᾗ
1572 2299 1611 2336 6,
1632 2299 1704 2345 ἤρα

374 2359 464 2391 -τοῦ
497 2358 803 2401 αὐτοσχεδιάζειν
838 2357 1017 2400 μᾶλλον-ἢ
1036 2359 1101 2390 τοῦ
1139 2358 1280 2395 ὕπατός
1306 2371 1349 2390 τε
1388 2358 1450 2389 καὶ
1484 2357 1518 2393 ἐξ
1560 2356 1707 2388 ὑπάτων

380 2414 515 2447 δοκεῖν.
540 2414 697 2455 Nusquam
716 2414 882 2455 impensius
898 2415 1112 2455 extemporalis
1128 2426 1200 2456 prae
1219 2416 1330 2456 scripta
1348 2414 1445 2445 oratio
1461 2414 1689 2445 commendatur
1700 2436 1707 2443 .

382 2482 473 2510 quam
496 2472 529 2501 in
546 2472 768 2505 Alcidamantis
782 2495 790 2511 ,
817 2483 896 2512 quae
913 2473 1031 2513 fertur,
1065 2472 1202 2503 oratione
1225 2472 1262 2503 de
1290 2471 1458 2510 Sophiam,
1483 2470 1590 2501 Reisk.
1622 2471 1707 2500 Orat.

383 2526 418 2558 Τ.
434 2525 534 2567 VIII,
546 2537 576 2567 p.
589 2525 731 2569 78,sqq;;
750 2537 841 2569 quam
854 2527 906 2558 vix
924 2527 1035 2568 possim
1054 2538 1117 2558 non
1140 2538 1193 2569 pro
1212 2538 1299 2570 opere
1315 2526 1408 2569 hujus
1426 2526 1603 2558 recentioris
1620 2525 1706 2566 soph.

381 2584 488 2614 aetatis
497 2583 622 2615 habere.
646 2585 784 2616 Abnaum
800 2586 893 2625 hujus
911 2587 1038 2616 rationis
1052 2592 1139 2616 notat
1158 2592 1241 2618 auct.
1258 2587 1313 2616 lib.
1334 2586 1371 2615 de
1389 2596 1474 2623 puer.
1492 2585 1580 2615 educ.
1598 2584 1706 2614 Reisk.

380 2640 463 2672 Plut.
482 2638 517 2675 T.
537 2637 604 2679 VI,
626 2649 656 2679 p.
678 2637 734 2670 19.
757 2639 907 2672 Aristides
929 2647 1026 2672 autem
1041 2665 1050 2679 ‚
1081 2642 1135 2682 qui
1159 2651 1313 2682 nunquam
1342 2639 1444 2671 subito
1474 2639 1613 2680 dioebat,
1642 2637 1706 2671 ⁰²³1

382 2693 500 2733 ἐσμὲν,
527 2695 644 2734 inquit,
672 2693 745 2725 τῶν
777 2695 973 2734 ἐμούντων,
998 2696 1089 2727 ἀλλὰ
1115 2696 1184 2727 τῶν
1212 2694 1467 2735 ἀκριβούντων.
1503 2694 1648 2725 philostr.
1675 2695 1707 2724 in

390 2752 484 2787 Arist.
509 2750 573 2784 Vit.
602 2749 693 2792 Soph.
715 2750 737 2782 l.
756 2750 806 2792 ΙΙ,
831 2749 869 2792 9,
890 2751 906 2794 §5
924 2750 956 2783 2.
