2154 3500
1049 299 1102 340 28

421 422 576 468 Suidae
603 424 887 468 testimoninm
921 440 1018 468 cum
1056 428 1106 469 iis
1137 427 1357 470 conciliari
1390 428 1551 484 possint
1586 436 1613 472 ¹.
1648 428 1738 470 Non

420 501 561 557 potuit
583 501 794 545 Lucianus
826 502 871 543 in
902 501 987 546 Bis
1021 507 1248 547 Accusata
1288 503 1561 548 Rhetoricam
1594 506 1650 547 ita
1682 505 1740 546 lo-

421 588 624 636 quentem
643 581 872 632 inducere,
896 590 944 623 ut
967 584 1207 625 memoratis
1227 583 1475 635 itineribus,
1504 597 1616 640 quae
1639 597 1741 624 uxor

423 658 575 703 marito
607 674 683 702 suo
711 674 789 715 per
816 659 981 703 Ioniam
998 695 1008 713 ,
1040 669 1081 704 et
1102 661 1325 705 Graeciam
1348 661 1491 704 facere
1519 661 1746 704 concessis-

423 742 514 786 set,
546 734 702 778 deinde
729 736 858 793 plane
892 738 1044 781 omissa
1077 738 1163 782 tota
1197 738 1242 781 in
1264 738 1433 798 Syriam
1459 737 1714 797 migratione
1732 771 1743 788 ‚

424 822 761 870 conquereretur
796 817 1109 875 navigationem
1145 832 1170 859 a
1210 818 1390 861 Graecia
1423 817 1470 859 in
1488 816 1657 860 Italiam
1689 817 1748 859 fa-

424 898 536 933 ctam
547 925 558 941 ,
575 893 697 949 quasi
711 892 794 935 hoc
810 893 980 935 demum
995 895 1194 937 remotius
1207 896 1287 936 iter
1300 895 1483 938 fecisset.
1502 895 1591 937 Nec
1604 908 1747 936 rursus

424 971 460 1011 si
483 969 736 1014 Antiochiae
766 972 940 1028 quidem
969 987 1133 1015 caussas
1164 980 1343 1024 orasset,
1385 987 1463 1028 per
1490 980 1621 1015 totam
1650 986 1749 1013 vero

429 1047 639 1104 reliquam
668 1049 795 1091 vitam
825 1058 866 1093 et
896 1050 941 1092 in
970 1050 1070 1106 ipsis
1107 1050 1367 1093 Graecorum
1396 1049 1532 1093 oculis
1565 1048 1750 1105 sophista

427 1132 593 1166 tantum
623 1126 795 1177 fuisset,
823 1127 1057 1182 probabilis
1073 1128 1179 1186 fingi
1203 1142 1349 1170 caussa
1375 1135 1567 1185 poterat,
1601 1133 1680 1169 cur
1706 1126 1752 1167 in

430 1203 669 1245 piscatore
692 1204 868 1247 Athenis
894 1206 1191 1248 reviviscentes
1206 1206 1472 1263 philosophi,
1506 1219 1641 1262 quum
1676 1206 1754 1246 Lu-

428 1280 600 1324 cianum
616 1295 735 1323 reum
763 1290 939 1340 agerent
966 1290 1141 1340 propter
1168 1284 1425 1340 scriptorum
1444 1297 1577 1342 genus
1594 1315 1605 1335 ,
1638 1281 1753 1338 quod

430 1375 564 1416 paene
594 1361 961 1418 quadragenarius
989 1363 1161 1406 demum
1206 1362 1509 1415 inchoaverat,
1561 1360 1665 1404 huic
1696 1361 1756 1403 fo—

434 1441 543 1483 rensi
564 1441 734 1483 muneri
754 1448 920 1484 tantum
942 1442 1202 1493 tribuerent,
1226 1450 1273 1484 ut
1287 1448 1464 1498 propter
1478 1440 1589 1483 illud
1602 1454 1758 1482 memo-

434 1526 576 1561 rarent
609 1518 699 1573 ejus
735 1523 780 1563 ἐν
818 1525 907 1568 τοῖς
940 1519 1230 1576 δικαστηρίοις
1259 1520 1548 1573 εὐδοκιμήσεις
1569 1531 1602 1570 ²,
1637 1517 1759 1573 quasi

430 1598 488 1639 ab
511 1598 562 1639 iis
582 1597 819 1640 recessisset
839 1605 887 1639 ut
913 1597 958 1639 in
986 1597 1097 1653 ipsos
1114 1597 1321 1654 impetum
1339 1610 1462 1639 suum
1480 1603 1757 1639 converteret.

492 1676 627 1717 Simul
656 1675 817 1717 iccirco
840 1674 1117 1730 rejiciendam
1139 1689 1357 1717 censemus
1382 1688 1475 1715 eam
1496 1673 1759 1730 opinionem,

428 1761 566 1795 ortam
597 1768 621 1794 e
643 1753 783 1794 studio
812 1752 1072 1794 conciliandi
1106 1752 1280 1794 Suidam
1311 1766 1410 1793 cum
1439 1752 1607 1807 scriptis
1635 1752 1763 1793 Luci-

431 1831 547 1873 aneis
563 1864 575 1883 ,
611 1830 732 1888 quasi
760 1829 851 1886 jam
881 1829 1109 1873 admodum
1128 1829 1301 1887 juvenis
1317 1829 1532 1872 Lucianus
1553 1828 1762 1885 peculiari

431 1910 617 1966 quadam
654 1917 695 1951 et
744 1923 947 1966 generosa
989 1909 1120 1950 animi
1166 1909 1439 1950 conversione
1486 1922 1509 1948 a
1555 1908 1763 1964 perversis

426 1988 678 2044 aequalium
702 1988 863 2030 artibus
891 1987 945 2029 ad
974 1986 1265 2043 philosophiae
1300 1986 1488 2030 studium
1532 2002 1575 2029 se
1609 1994 1764 2029 contu-

432 2066 549 2107 lisset
567 2098 577 2112 ,
605 2073 780 2120 propter
802 2072 1095 2120 paupertatem
1116 2064 1225 2105 illud
1257 2064 1459 2106 duntaxat
1487 2078 1585 2105 cum
1616 2063 1764 2106 rheto-

480 2250 492 2273 l
523 2250 591 2280 Jam
608 2250 814 2288 Wielamlus,
839 2249 895 2280 Th.
918 2250 953 2289 l,
967 2249 997 2279 S.
1022 2248 1143 2288 VII,et
1163 2249 1212 2280 Fr.
1232 2249 1271 2279 G.
1291 2248 1445 2287 schoeno,
1467 2247 1540 2278 Luc.
1564 2246 1673 2276 Traum
1691 2250 1764 2276 cett.

437 2306 528 2337 llalle
551 2305 656 2344 1838,
679 2306 710 2336 S.
733 2305 765 2336 5.
791 2316 975 2345 quamquam
1006 2310 1146 2335 statuunt
1173 2304 1342 2334 Lucianum
1366 2302 1513 2343 peculiari
1530 2301 1658 2342 quadam
1682 2300 1765 2330 vitae

434 2362 620 2402 consiliique
639 2362 809 2392 mutatione
827 2373 844 2391 a
866 2362 981 2392 caussis
999 2361 1136 2391 dicendis
1157 2361 1195 2390 ad
1211 2360 1423 2390 scholasticam
1440 2356 1647 2397 eloquentiam
1666 2361 1766 2386 trans-

434 2421 523 2459 iisse,
543 2424 646 2449 tamen
664 2428 758 2458 quum
777 2417 978 2448 caussidicum
998 2427 1066 2446 cum
1088 2416 1182 2447 fuisse
1205 2421 1312 2455 putent
1332 2414 1365 2445 in
1384 2413 1511 2446 Graecia
1530 2418 1560 2444 et
1571 2411 1646 2443 Asin
1657 2409 1767 2440 suidae

433 2474 641 2507 testimonium
675 2473 767 2504 tacite
798 2472 952 2513 rejiciunt.
987 2471 1126 2507 Rankius
1160 2471 1290 2511 denique
1323 2470 1355 2501 in
1392 2469 1565 2501 doctissima
1606 2472 1767 2498 comment.

438 2531 548 2561 Pollux
577 2535 607 2559 et
639 2528 792 2560 Lucianus
820 2528 967 2568 inscripta
985 2539 1012 2567 p.
1034 2526 1095 2568 26,
1116 2528 1247 2559 strictim
1265 2527 1386 2558 notavit
1408 2526 1573 2557 Lucianum
1594 2534 1687 2555 «non
1705 2529 1767 2554 tam

440 2587 618 2618 Antiochiae
628 2587 710 2626 quod
718 2586 826 2615 Suidas
836 2586 1027 2616 ait-sortasse
1038 2585 1131 2625 hujus
1142 2584 1268 2616 Luc-iani
1278 2594 1346 2614 cum
1358 2582 1469 2613 seriore
1488 2582 1563 2618 illo.
1582 2581 1637 2620 qui
1647 2579 1768 2611 Juliani

405 2650 408 2653 ’
434 2649 533 2673 aetate
558 2643 680 2674 vivebat
705 2641 943 2673 commutatione
961 2642 1040 2672 facta
1061 2641 1091 2671 in
1110 2651 1238 2671 errorem
1260 2640 1438 2681 conjectus,
1450 2656 1491 2663 —-
1506 2648 1596 2679 quam
1614 2636 1766 2675 Athenin,

434 2698 546 2728 mis-sd
569 2699 846 2729 mussidccormn
868 2703 966 2737 arlo,
990 2698 1034 2726 rtd
1055 2696 1258 2726 scribendas
1280 2696 1441 2735 dialogos
1459 2695 1666 2726 accessisse.
1684 2706 1698 2722 ι

486 2772 501 2789 ²
533 2774 640 2804 Pin-at,
668 2786 691 2804 c.
713 2773 765 2804 25.
