2154 3500
879 244 1058 301 ⁶29

365 390 454 432 rica
478 387 615 444 primo
648 386 938 443 conjunctam.
971 384 1185 441 Ejusmodi
1213 381 1381 427 consilii
1401 381 1578 425 mutatio
1607 394 1682 437 per

359 465 572 521 juveniles
602 466 778 519 Luciani
804 478 937 505 annos
973 463 1163 504 instituta
1191 466 1241 504 ex
1278 461 1369 515 ejus
1402 460 1568 514 scriptis
1596 472 1684 500 non

366 544 465 585 satis
484 552 673 598 apparet.
708 543 887 598 Proprie
916 542 991 582 ille
1028 540 1200 596 quidem
1225 539 1375 589 modo,
1395 544 1685 579 verumtamen

367 622 413 663 in
449 619 765 665 dominantibus
790 620 907 663 illius
931 618 1024 661 aevi
1056 615 1275 660 rhetoricis
1312 614 1491 667 studiis,
1524 611 1687 656 tamdiu

369 708 554 743 versatus
589 699 787 752 videtur,
827 697 963 740 donec
1006 697 1196 753 perfecto
1233 695 1429 755 ingenio,
1472 693 1544 736 sed
1592 691 1689 747 plus

369 779 544 822 dimidia
576 778 722 821 aetatis
765 782 886 834 part'e
917 776 1137 827 confecta,
1171 777 1225 818 ab
1265 776 1315 817 iis
1351 790 1395 818 se
1421 775 1514 831 ipse
1540 770 1689 826 sejun-

372 866 518 915 geret,
560 865 609 899 ut
641 856 887 913 aequalium
920 855 1066 897 irrisor
1107 868 1157 896 ac
1192 868 1340 896 censor
1372 867 1449 909 per
1481 850 1689 905 reliquam

371 950 487 978 suam
519 935 667 987 vitam,
702 949 810 977 nova
842 934 970 989 plane
1004 940 1046 975 et
1076 931 1284 990 singulari
1319 931 1386 972 via
1406 929 1629 971 insisteret.

921 1103 1112 1117 ..σο--

976 1255 1066 1311 Π.

668 1414 721 1446 DE
746 1414 912 1447 LoclANl
937 1415 1116 1448 SCRIPTIS
1140 1415 1397 1449 somns'rlcls.

436 1559 469 1600 E
498 1556 667 1613 scriptis
698 1556 913 1608 Luciani,-
944 1570 1056 1613 quae
1084 1557 1136 1599 ad
1162 1564 1304 1599 nostra
1331 1565 1521 1614 tempora
1546 1571 1699 1613 perve-

378 1643 553 1687 nerunt,
602 1635 729 1692 longe
755 1636 880 1690 plura
915 1636 1136 1677 referenda
1180 1644 1279 1677 sunt
1327 1635 1381 1677 ad
1420 1635 1697 1691 posteriorem

380 1714 489 1755 vitae
509 1721 701 1768 partem,
746 1727 876 1769 quam
907 1713 961 1755 ad
1001 1728 1090 1755 eam
1110 1746 1120 1765 ,
1163 1713 1217 1755 de
1244 1728 1329 1769 qua
1358 1727 1474 1755 nunc
1506 1714 1698 1770 agimus,

372 1784 609 1845 juvenilem
646 1798 776 1848 atque
804 1789 1087 1847 sophisticam.
1129 1790 1367 1848 Sophistica
1404 1797 1547 1833 autem
1574 1790 1699 1833 indo·

380 1870 468 1921 les,
513 1883 646 1925 quum
686 1869 731 1911 in
772 1869 1029 1925 quibusdam
1065 1877 1213 1925 sponte
1255 1877 1484 1926 appareat,
1524 1869 1570 1910 in
1608 1869 1701 1910 aliis

380 1947 564 1990 difficilis
593 1955 656 1990 est
683 1948 934 1992 existimatu.
967 1949 1072 1990 Nam
1089 1982 1100 2001 ,
1132 1940 1248 2006 quod
1274 1962 1402 2005 supra
1434 1947 1700 1998 monuimus,

381 2025 435 2067 ad
469 2039 668 2083 magnam
711 2026 870 2068 formae
914 2034 955 2068 et
998 2026 1239 2083 argumenti
1282 2026 1529 2068 varietatem
1572 2032 1704 2067 artem

381 2102 665 2158 sophistarum
706 2118 750 2145 se
792 2104 1057 2155 extendisse,
1097 2104 1142 2146 id
1194 2103 1401 2158 ejusmodi
1448 2111 1537 2155 est,
1578 2111 1627 2145 ut
1664 2103 1709 2145 in

384 2181 568 2240 legendo
600 2181 756 2224 dubius
790 2182 1005 2232 interdum
1038 2183 1120 2240 sis,
1157 2183 1374 2225 formaene
1401 2180 1710 2224 commendatio

384 2261 431 2301 in
469 2261 767 2316 pertractanda
811 2261 988 2302 materie
1028 2275 1053 2301 a
1088 2261 1297 2316 scriptore
1338 2260 1603 2316 potissimum
1645 2274 1713 2300 re-

383 2346 529 2394 specta
555 2339 708 2390 fuerit,
739 2354 793 2380 an
826 2340 955 2394 plane
983 2340 1092 2381 serio
1124 2347 1165 2380 et
1192 2339 1369 2394 proprio
1403 2337 1588 2393 quodam
1609 2351 1715 2378 con-

384 2415 479 2457 silio
508 2430 573 2457 res
590 2424 757 2473 agatur.
790 2417 938 2473 Itaque
968 2417 1043 2459 ub'i
1061 2424 1258 2467 externa,
1281 2414 1396 2471 quod
1425 2414 1469 2455 in
1497 2413 1716 2469 plerisque

384 2492 572 2545 accidit,
616 2493 775 2535 indicia
818 2494 993 2545 absunt,
1031 2494 1267 2536 sententiae
1309 2497 1475 2548 oportet
1511 2490 1717 2532 rationem

385 2578 429 2611 et
448 2570 550 2612 libri
580 2572 754 2614 omnino
781 2571 1071 2615 characterem
1091 2586 1191 2613 cum
1219 2570 1429 2627 peculiari
1462 2569 1537 2610 illo
1567 2568 1718 2610 chara-

386 2655 504 2690 ctere
525 2635 741 2702 conressie,
771 2665 901 2706 quem
917 2659 1131 2693 maturum
1151 2649 1326 2692 Luciani
1346 2648 1570 2705 ingenium
1584 2647 1719 2702 ipsius

388 2725 558 2782 scriptis
587 2726 812 2782 impressit.
841 2728 970 2784 cujus
1006 2729 1177 2785 quidem
1215 2725 1506 2785 distinguendi
1549 2725 1720 2767 rationis
