2154 3500
1103 293 1158 334 54

465 422 542 462 sibi
570 435 761 477 caussam
793 423 921 462 fuisse
948 423 1125 464 affirmat
1142 454 1152 468 ,
1178 436 1255 463 cur
1284 422 1449 464 deserta
1472 424 1546 465 illa
1573 423 1625 464 ad
1651 417 1797 465 Dialo-r

466 514 568 559 gum
601 515 645 544 se
677 500 919 556 recepisset.

485 598 489 604 ·
522 580 708 637 Longius
727 579 905 637 quidem
925 581 1144 623 aberraret
1164 581 1297 622 oratio
1320 579 1374 622 ab
1399 593 1449 621 eo
1462 611 1474 631 ,
1501 580 1618 636 quod
1637 593 1792 637 propo-

463 659 588 702 situm
618 667 707 716 est,
738 659 777 700 si·
797 659 1078 716 comprobare
1107 659 1451 710 institueremus,
1477 673 1607 716 quam
1636 659 1791 716 plenis-

463 739 567 780 simo
599 752 675 779 suo
695 737 796 791 jure
823 737 936 781 hanc
960 739 1063 780 artis
1087 753 1185 780 suae
1209 737 1412 780 rivalibus
1431 736 1643 778 Lucianus
1669 738 1792 779 incu-

461 811 670 859 sationem
714 816 976 869 intenderit,
1016 825 1328 867 verumtamen,
1368 815 1420 863 ad
1460 815 1793 873 intelligendum

460 895 566 952 quid
603 896 786 943 maxime
823 896 872 939 ea
898 897 1081 939 voluerit
1098 930 1109 948 ‚
1135 910 1219 940 non
1247 894 1534 950 injucundum
1561 894 1614 936 sit
1653 894 1793 950 ipsum

461 973 727 1015 festivissima
753 974 988 1016 acerbitate
1022 975 1273 1016 sententiam
1308 987 1426 1014 suam
1459 972 1512 1014 de
1540 972 1793 1029 aequalibus

464 1049 707 1092 rhetoribus
742 1051 1025 1106 explicantem
1059 1050 1233 1099 audire,
1275 1051 1320 1091 in
1350 1048 1605 1092 Rhetorum
1639 1048 1798 1091 Prae--

459 1131 646 1184 ceptore.
678 1127 963 1184 Agnoscimus
988 1128 1222 1170 Lucianum
1247 1128 1290 1169 in
1317 1142 1366 1169 eo
1399 1126 1548 1169 libello
1576 1126 1792 1169 interdum

456 1206 641 1247 illudere
671 1206 963 1261 peculiaribus
991 1206 1118 1247 rebus
1152 1207 1258 1248 certi
1286 1205 1469 1260 alicujus
1510 1204 1721 1261 sophistae
1750 1203 1787 1257 ¹,

455 1298 585 1343 quem
631 1283 865 1326 lectoribus
915 1285 1048 1340 ipsius
1094 1286 1241 1326 aetatis
1282 1284 1394 1326 inter
1435 1284 1539 1326 alios
1593 1284 1791 1326 distincte

454 1358 911 1421 descripse1·it;'atque
935 1370 1021 1407 tam
1048 1364 1276 1407 immanem
1300 1379 1469 1406 morum
1492 1363 1791 1420 ‚impuritatem

454 1443 501 1485 in
528 1429 660 1498 hujus
690 1441 885 1498 exemplo
918 1441 1080 1484 rhetori
1109 1443 1392 1485 neeessariam
1421 1456 1511 1484 esse
1542 1441 1787 1498 praedicat,

456 1527 508 1562 ut
525 1520 615 1561 -nisi
643 1519 869 1574 cujusdam
897 1521 1069 1580 unius,-
1091 1528 1208 1563 certe
1242 1521 1463 1578 vulgarem
1507 1519 1790 1576 sophistarum

457 1599 677 1654 pravitatis
706 1598 878 1640 modum
904 1597 1010 1640 haec
1040 1598 1216 1656 quidem
1245 1599 1415 1656 longius
1435 1599 1658 1641 excessisse
1688 1613 1789 1641 cen-

441 1675 588 1719 senda
624 1676 690 1717 sit.
733 1675 871 1716 Simul
897 1690 996 1717 vero
1037 1676 1141 1717 alios
1174 1676 1321 1731 plures
1361 1676 1475 1718 illius
1507 1677 1663 1718 similes
1697 1691 1786 1718 esse

454 1754 693 1812 significat²
720 1761 762 1796 et
782 1761 929 1810 aperte
947 1753 1138 1796 inillum
1154 1754 1275 1812 quasi
1300 1755 1345 1796 in
1369 1754 1608 1810 perfectum
1636 1768 1785 1810 quem-

451 1833 551 1877 dam
580 1837 717 1883 τύπον
744 1848 792 1876 ea
822 1828 1151 1876 ferme'confcrt
1180 1841 1222 1876 et
1252 1834 1466 1886 cumulat,
1490 1848 1600 1891 quae
1628 1833 1784 1890 passim

452 1912 738 1970 pessimorum
762 1912 865 1955 artis
895 1923 996 1955 suae
1023 1912 1237 1955 sociorum
1257 1913 1355 1955 vitia
1382 1927 1470 1955 esse
1496 1912 1784 1969 comperisset.

434 1992 633 2048 ‘Scripsit
660 1990 804 2033 autem
825 1990 1021 2043 libellum
1042 2005 1090 2033 ea
1113 1991 1203 2046 ipsa
1226 1997 1388 2039 aetate,
1416 2005 1501 2048 qua
1527 1998 1663 2034 artem
1687 1985 1784 2033 rhe-

501 2208 515 2226 *
539 2202 757 2245 Διόσκουρον
783 2202 833 2232 vel
861 2189 1119 2246 Δὶοσκόυρίδην
1160 2202 1259 2243 (eous.
1286 2202 1347 2235 Rh.
1378 2201 1429 2233 Pr.
1459 2212 1487 2232 c.
1513 2199 1571 2244 24)
1599 2202 1785 2241 appellatum

456 2260 553 2291 fuisse
573 2258 657 2289 huuc
677 2257 844 2297 sophistam
862 2257 1031 2288 Palmerius
1047 2263 1077 2287 et
1096 2256 1341 2289 Hemsterhusius
1357 2262 1565 2292 censum-unm
1587 2256 1649 2287 vid.
1670 2256 1785 2288 Hemst.

457 2305 559 2346 Praei.
580 2315 620 2344 ad
637 2314 793 2344 Pollucem
807 2336 815 2352 ,
836 2324 867 2352 pa
886 2312 941 2352 31,
961 2312 1014 2345 32.
1039 2313 1194 2353 Singulari
1212 2320 1313 2343 autem
1325 2336 1334 2352 ,
1363 2325 1453 2352 quam
1472 2324 1555 2351 supr.
1571 2313 1763 2344 laudavimus
1776 2337 1784 2351 ‚

454 2368 722 2409 commentatione,
744 2368 859 2400 Pollux
874 2374 903 2400 et
922 2368 997 2400 Luc.
1018 2362 1164 2408 inscripta
1175 2392 1184 2408 ‚
1196 2368 1264 2401 Car.
1275 2367 1365 2401 Ferd.
1385 2367 1525 2398 Rankius
1538 2367 1635 2399 tuitus
1651 2373 1698 2398 est
1714 2379 1786 2399 seu-

450 2426 578 2457 tentiam
607 2421 805 2456 Scholiastae'
827 2417 992 2464 probatam*
1014 2425 1067 2463 (ad
1093 2421 1178 2455 titul.
1206 2431 1236 2454 et
1260 2436 1288 2455 c.
1313 2423 1388 2466 240:
1422 2424 1582 2454 Pollucem
1606 2424 1786 2455 onomastici

453 2482 631 2523 scriptorem
648 2480 681 2511 in
710 2477 770 2511 Rh.
793 2480 845 2512 Pr.
868 2480 989 2517 notari;
1012 2480 1044 2511 in
1064 2491 1154 2521 quam
1175 2492 1315 2512 caussam
1335 2486 1455 2511 tantum
1475 2480 1514 2511 ab
1532 2486 1656 2511 auctore
1673 2481 1786 2512 doetri-

449 2549 506 2575 nae
533 2544 565 2568 et
586 2536 762 2576 disputandi
782 2536 925 2567 solertiae
951 2536 1159 2578 depromptum
1182 2542 1245 2573 est,
1266 2541 1301 2565 ut
1320 2535 1439 2565 etiamsi
1460 2535 1596 2566 nonduin
1623 2536 1715 2574 plane
1733 2536 1786 2567 de·

448 2595 630 2635 sperandum
656 2593 696 2624 sit
719 2593 757 2624 de
783 2593 931 2625 infamiae
957 2593 1016 2624 ista
1042 2599 1115 2623 nota
1142 2605 1160 2623 a
1182 2592 1309 2623 Polluce
1331 2591 1531 2628 removenda,
1552 2597 1652 2623 tamen
1672 2592 1782 2623 merito

447 2652 623 2698 vapularet,
644 2648 698 2691 qui
718 2650 786 2690 ejus
807 2659 948 2680 caussam
969 2649 1006 2680 ἓν
1024 2649 1188 2693 παρέργῳ
1200 2673 1208 2688 ,
1227 2649 1403 2688 susciperet.

495 2725 512 2743 2
537 2724 629 2756 Rhet.
661 2718 763 2757 Praer.
793 2737 821 2756 c.
858 2724 908 2757 ll.
940 2715 1103 2767 εὖρήσὲις
1133 2721 1284 2758 πολλοῦς
1309 2720 1372 2762 μὲν
1393 2723 1453 2755 καὶ
1479 2721 1615 2760 ἄλλους.
1639 2736 1668 2756 κ.
1695 2735 1723 2756 c.
1748 2721 1778 2754 λ.

411 2790 413 2793 ·
443 2780 526 2812 conf.
549 2789 577 2811 c.
603 2778 652 2811 8.“
