2154 3500
1024 263 1075 303 21

387 399 470 427 non
512 400 599 428 esse
633 388 748 452 apud
775 388 973 442 Suidam;
1021 397 1109 432 tum
1149 404 1270 443 vero,
1314 392 1504 447 perlecto
1523 423 1534 443 ,
1572 404 1700 447 quem

387 463 568 506 vidimus
583 497 594 516 ,
619 452 916 510 loco-‘Luciani
940 466 1024 509 Bis
1053 467 1270 509 Accusat-a·
1290 470 1301 491 ¹
1318 501 1331 520 ,
1354 475 1504 524 sponte
1518 476 1700 509 mentem

385 541 527 593 subit,
548 557 638 600 ,quo
667 546 838 588 tandem
865 546 976 588 vitae
1012 554 1202 601 tempore
1241 529 1495 594 Antiochiae
1537 559 1704 587 caussas

386 618 536 676 egerit.
570 620 664 676 Qua
695 622 752 665 de'
783 637 827 665 re
863 622 966 665 duas
997 628 1165 665 tantum
1194 619 1703 666 disertiores'sententias

386 709 617 758 novimus„
649 715 754 758 quas
781 701 915 759 igitur
949 700 1175 743 videamus.

443 776 501 818 Ex
539 766 675 821 altera
704 779 964 821 caussidicus
1002 779 1215 821 Lucianus
1241 779 1372 839 ΐιιψ
1400 787 1630 835 antequam
1659 778 1704 819 in

386 855 549 897 Ioniam
585 857 790 912 migraret
824 858 866 909 2;
917 857 991 900 sed
1021 864 1113 899 tum
1141 857 1208 899 illi
1241 871 1320 899 nec
1349 864 1535 913 tempus,
1565 870 1708 912 neque

385 932 582 986 peritiam
608 935 884 989 suppetivisse
918 934 971 976 ad
998 934 1211 990 ejusmodi
1245 934 1432 976 officium
1459 932 1705 975 obeundum

383 1008 509 1050 facile
532 1018 734 1066 apparet,
766 1025 900 1067 quum
924 1012 1080 1068 κομιδῇ
1099 1016 1323 1069 μειράκιον
1339 1010 1426 1066 jam
1446 1009 1538 1052 illic
1562 1009 1706 1059 fuerit,

384 1086 650 1150 πλαζόμενος
677 1091 740 1131 ἔτι
759 1092 831 1131 καὶ
858 1092 881 1131 ὃ
911 1107 953 1131 τι
981 1095 1183 1146 χρήσαιτο
1207 1093 1348 1141 ἑαυτῷ
1371 1090 1448 1131 οὐκ
1467 1088 1591 1136 εἰδώς
1616 1088 1646 1128 ³.

440 1163 584 1207 Altera
618 1166 632 1189 ⁵
679 1166 902 1219 statuitur,
947 1167 1183 1210 Lucianum
1219 1153 1267 1209 in
1305 1164 1573 1208 Antiocheno
1612 1165 1705 1206 foro

384 1249 593 1284 versatum
636 1243 765 1285 fuisse
808 1252 1033 1300 postquam
1072 1243 1164 1299 jam
1204 1244 1250 1285 in
1287 1243 1407 1285 Ionia
1447 1250 1489 1285 et
1526 1242 1707 1285 Graecia

383 1320 649 1377 aliquamdiu
684 1322 867 1373 fuisset,'
891 1336 970 1363 nec
1004 1301 1145 1364 tamen
1172 1321 1264 1362 illic
1294 1320 1551 1363 rhetoricam
1581 1336 1705 1363 exer‘

381 1398 562 1449 cuisset,
595 1406 717 1441 antea
762 1413 858 1440 vero
900 1413 1029 1454 quam
1072 1399 1115 1440 in
1161 1399 1327 1441 Italiam
1371 1399 1600 1456 migraret,
1631 1399 1710 1440 ubi

380 1475 550 1518 demum
586 1474 868 1531 sophistarum
906 1489 1023 1518 more
1055 1489 1152 1517 eum
1189 1475 1518 1518 declamationes
1548 1474 1707 1517 habere

381 1556 582 1611 coepisse.
616 1556 638 1595 J
644 1562 769 1596 uncta
787 1562 849 1596 est
865 1554 970 1596 haec
986 1555 1193 1597 sententia
1213 1554 1310 1604 alii,
1334 1568 1420 1609 qua
1441 1553 1703 1610 colloquium

382 1745 414 1774 in
431 1743 559 1784 gratiam
574 1768 582 1784 ,
603 1750 700 1774 totum
718 1742 845 1774 Luciani
863 1744 1048 1775 rhetoricum
1064 1745 1194 1775 stadium
1214 1744 1410 1775 Antiochiam
1422 1745 1593 1775 transtulit.
1610 1745 1708 1775 Bour-

380 1799 514 1830 ‹lelotius
539 1806 641 1830 autem
670 1799 797 1839 primurn
815 1800 926 1830 Suidae
944 1800 1126 1831 sententiam
1152 1801 1194 1830 ita
1212 1806 1247 1830 ut
1260 1800 1325 1831 dixi
1341 1800 1506 1840 explicuit,
1527 1799 1597 1830 vide
1613 1798 1708 1840 hujus

383 1855 486 1886 Vitam
505 1855 577 1887 Luc.
590 1879 599 1894 ,
613 1866 656 1891 lex
674 1856 730 1887 Ed.
751 1856 837 1886 Paris
848 1878 856 1891 ,
877 1854 963 1887 1615
975 1879 984 1894 ‚
1001 1856 1033 1886 in
1051 1855 1162 1887 Reitzii
1179 1856 1295 1896 Syllog.
1313 1867 1342 1895 p.
1363 1855 1450 1886 XLII
1463 1879 1472 1896 ‚
1490 1867 1558 1887 cum
1576 1855 1708 1886 Fabricii

384 1911 476 1942 notis.
501 1911 596 1952 Quem
613 1912 716 1952 plures
731 1912 840 1943 deinde
858 1912 953 1943 secuti
973 1918 1055 1943 sunt.

427 1984 439 2006 ¹
465 1986 499 2017 C.
518 1984 582 2026 27,
601 1986 647 2017 Cs.
667 1997 749 2026 supr.
769 1998 796 2026 p.
818 1985 869 2017 16.

404 2068 442 2108 ,2
467 2071 552 2111 Quae
585 2076 630 2100 est
660 2071 695 2101 E.
722 2070 778 2100 Ae.
798 2070 930 2103 Struvii,
958 2070 990 2101 in
1018 2071 1147 2110 specim.
1177 2070 1212 2110 1,
1228 2071 1265 2101 de
1295 2071 1421 2101 Lueiani
1450 2076 1570 2109 aetate,
1591 2071 1706 2101 Gorlic.

386 2125 490 2166 1829,
509 2137 540 2165 Ρ.
560 2125 592 2158 3.

435 2198 449 2219 ³
476 2200 530 2231 Bis
552 2202 625 2233 Ace.
653 2211 680 2231 c.
700 2200 753 2233 27.
780 2200 883 2232 Potuit
910 2200 1030 2240 quidem
1051 2201 1202 2231 Lucianus
1218 2201 1299 2231 inter
1317 2207 1435 2240 tempus
1454 2210 1516 2239 quo
1532 2198 1711 2244 πρόσηβος

381 2259 445 2289 sive
460 2257 627 2294 ἀντίπαις
648 2258 768 2298 (Somn.
788 2270 814 2289 c.
844 2257 860 2288 1
887 2264 918 2288 et
945 2256 1013 2297 16.)
1038 2257 1068 2288 in
1092 2263 1250 2297 parentum
1275 2258 1365 2288 domo
1392 2258 1471 2298 suit,
1489 2263 1582 2298 atque
1601 2257 1631 2287 id
1648 2267 1710 2297 quo

383 2313 513 2355 κομιδῇ
539 2313 718 2357 μειράκιον
745 2314 778 2343 in
799 2313 888 2343 Ionia
907 2313 1035 2353 erravit,
1061 2313 1252 2353 aliquamdiu
1272 2313 1453 2344 Antiochiae
1469 2312 1601 2346 versari;
1629 2322 1708 2350 μει-

382 2366 502 2410 ράκιον
521 2367 602 2398 enim
621 2368 682 2398 dici
700 2367 822 2407 poterat'
833 2368 925 2399 etiam
944 2368 970 2398 is
986 2367 1040 2407 qui
1060 2367 1167 2398 adulto
1182 2367 1289 2406 paullo
1304 2368 1403 2407 major
1416 2365 1708 2407 esset,uti,Philo-

384 2422 488 2460 pseud.
511 2433 538 2453 c.
556 2420 599 2453 37
617 2423 691 2453 coll.
717 2433 744 2453 c.
771 2421 832 2461 27,
851 2422 893 2452 ita
919 2428 1046 2452 vocatur
1064 2423 1118 2462 qui
1132 2420 1209 2464 ἤδη
1226 2421 1261 2458 ἐξ
1277 2422 1418 2463 ἐφήβων
1436 2428 1494 2453 est.
1522 2421 1704 2452 Praesertim

382 2487 475 2516 quum
502 2478 661 2517 probabile
686 2478 727 2508 sit
751 2477 916 2508 Lucianum
942 2478 974 2508 in
992 2478 1043 2510 Bis
1060 2479 1133 2510 Ace.
1159 2488 1197 2508 ex
1215 2488 1343 2517 persona
1361 2478 1457 2508 iratae
1477 2477 1657 2508 Rhetoricae
1673 2489 1710 2508 eo

383 2532 505 2563 nomine
522 2544 608 2564 suam
632 2539 759 2565 aetatem
780 2533 953 2575 designasse
966 2557 974 2573 3
992 2534 1074 2573 quod
1095 2533 1224 2564 maxime
1244 2534 1310 2574 ejus
1334 2534 1513 2564 tenuitatem
1527 2538 1559 2564 et
1573 2532 1710 2564 imbecil-

383 2588 499 2619 litatem
518 2588 698 2620 declararet.

430 2660 550 2696 ⁴.God
588 2665 759 2700 wetzlni.
788 2667 820 2698 in
854 2667 968 2698 laudat.
994 2666 1024 2696 12«
1026 2671 1158 2697 mmenl.
1187 2665 1223 2696 le
1255 2667 1382 2704 aelate,
1420 2664 1490 2695 Vita
1523 2663 1710 2704 Scriptisqno

384 2721 528 2752 luciani.
521 2731 573 2760 p.
592 2719 651 2753 ³8.
671 2731 734 2761 sqq.
