<?xml version="1.0" encoding="UTF-8"?>
<!DOCTYPE html PUBLIC "-//W3C//DTD XHTML 1.0 Transitional//EN"
    "http://www.w3.org/TR/xhtml1/DTD/xhtml1-transitional.dtd">
<html xmlns="http://www.w3.org/1999/xhtml" xml:lang="en" lang="en">
 <head>
  <title>
</title>
<meta http-equiv="Content-Type" content="text/html;charset=utf-8" />
  <meta name='ocr-system' content='tesseract 3.04.00' />
  <meta name='ocr-capabilities' content='ocr_page ocr_carea ocr_par ocr_line ocrx_word'/>
</head>
<body>
  <div class='ocr_page' id='page_1' title='image "./4629189_0063.png"; bbox 0 0 2154 3500; ppageno 0'>
   <div class='ocr_carea' id='block_1_1' title="bbox 1069 303 1123 348">
    <p class='ocr_par' dir='ltr' id='par_1_1' title="bbox 1069 303 1123 348">
     <span class='ocr_line' id='line_1_1' title="bbox 1069 303 1123 348; baseline 0.056 -3"><span class='ocrx_word' id='word_1_1' title='bbox 1069 303 1123 348; x_wconf 84' lang='lat'><strong>48</strong></span> 
     </span>
    </p>
   </div>
   <div class='ocr_carea' id='block_1_2' title="bbox 419 430 1756 2288">
    <p class='ocr_par' dir='ltr' id='par_1_2' title="bbox 423 430 1750 556">
     <span class='ocr_line' id='line_1_2' title="bbox 423 430 1750 490; baseline -0.002 -12"><span class='ocrx_word' id='word_1_2' title='bbox 423 435 597 479; x_wconf 84' lang='lat' dir='ltr'><strong>itionem</strong></span> <span class='ocrx_word' id='word_1_3' title='bbox 629 435 785 476; x_wconf 75' lang='lat' dir='ltr'><strong>referre</strong></span> <span class='ocrx_word' id='word_1_4' title='bbox 821 431 987 473; x_wconf 59' lang='lat' dir='ltr'><strong>xidetur</strong></span> <span class='ocrx_word' id='word_1_5' title='bbox 1010 448 1030 474; x_wconf 82' lang='lat' dir='ltr'><strong>a</strong></span> <span class='ocrx_word' id='word_1_6' title='bbox 1053 432 1275 473; x_wconf 81' lang='lat' dir='ltr'><strong>rhetoricis</strong></span> <span class='ocrx_word' id='word_1_7' title='bbox 1303 430 1483 490; x_wconf 83' lang='lat' dir='ltr'>dialogis</span> <span class='ocrx_word' id='word_1_8' title='bbox 1506 434 1556 476; x_wconf 94' lang='lat' dir='ltr'><strong>ad</strong></span> <span class='ocrx_word' id='word_1_9' title='bbox 1575 434 1750 476; x_wconf 84' lang='lat' dir='ltr'><strong>comico-</strong></span> 
     </span>
     <span class='ocr_line' id='line_1_3' title="bbox 424 514 634 556; baseline 0 -1"><span class='ocrx_word' id='word_1_10' title='bbox 424 514 634 556; x_wconf 79' lang='lat' dir='ltr'><strong>satiricos.</strong></span> 
     </span>
    </p>

    <p class='ocr_par' dir='ltr' id='par_1_3' title="bbox 419 587 1756 2288">
     <span class='ocr_line' id='line_1_4' title="bbox 482 587 1755 648; baseline -0.003 -13"><span class='ocrx_word' id='word_1_11' title='bbox 482 590 672 635; x_wconf 79' lang='lat' dir='ltr'>Strictim</span> <span class='ocrx_word' id='word_1_12' title='bbox 721 598 860 632; x_wconf 85' lang='lat' dir='ltr'><strong>tamen</strong></span> <span class='ocrx_word' id='word_1_13' title='bbox 912 588 993 632; x_wconf 88' lang='lat' dir='ltr'><strong>hoc</strong></span> <span class='ocrx_word' id='word_1_14' title='bbox 1037 589 1132 631; x_wconf 87' lang='lat' dir='ltr'><strong>loco</strong></span> <span class='ocrx_word' id='word_1_15' title='bbox 1179 587 1412 631; x_wconf 82' lang='lat' dir='ltr'><strong>notandum</strong></span> <span class='ocrx_word' id='word_1_16' title='bbox 1431 622 1441 640; x_wconf 91' lang='lat'>,</span> <span class='ocrx_word' id='word_1_17' title='bbox 1485 604 1508 631; x_wconf 90' lang='lat' dir='ltr'><strong>a</strong></span> <span class='ocrx_word' id='word_1_18' title='bbox 1559 591 1755 648; x_wconf 85' lang='lat' dir='ltr'><strong>pluribus</strong></span> 
     </span>
     <span class='ocr_line' id='line_1_5' title="bbox 421 666 1752 723; baseline -0.002 -10"><span class='ocrx_word' id='word_1_19' title='bbox 421 669 678 720; x_wconf 78' lang='lat' dir='ltr'><strong>existimari,</strong></span> <span class='ocrx_word' id='word_1_20' title='bbox 713 677 809 710; x_wconf 90' lang='lat' dir='ltr'><strong>eum</strong></span> <span class='ocrx_word' id='word_1_21' title='bbox 839 682 864 708; x_wconf 86' lang='lat' dir='ltr'><strong>a</strong></span> <span class='ocrx_word' id='word_1_22' title='bbox 898 668 1034 710; x_wconf 90' lang='lat' dir='ltr'><strong>multo</strong></span> <span class='ocrx_word' id='word_1_23' title='bbox 1063 666 1237 722; x_wconf 88' lang='lat' dir='ltr'><strong>juniore</strong></span> <span class='ocrx_word' id='word_1_24' title='bbox 1267 666 1473 723; x_wconf 89' lang='lat' dir='ltr'><strong>scriptum</strong></span> <span class='ocrx_word' id='word_1_25' title='bbox 1499 683 1586 711; x_wconf 90' lang='lat' dir='ltr'><strong>esse</strong></span> <span class='ocrx_word' id='word_1_26' title='bbox 1615 669 1644 713; x_wconf 87' lang='lat'><strong>¹.</strong></span> <span class='ocrx_word' id='word_1_27' title='bbox 1677 671 1752 714; x_wconf 86' lang='lat' dir='ltr'><strong>Cui</strong></span> 
     </span>
     <span class='ocr_line' id='line_1_6' title="bbox 423 746 1752 803; baseline -0.002 -11"><span class='ocrx_word' id='word_1_28' title='bbox 423 749 658 792; x_wconf 85' lang='lat' dir='ltr'><strong>sententiae</strong></span> <span class='ocrx_word' id='word_1_29' title='bbox 686 747 925 802; x_wconf 89' lang='lat' dir='ltr'><strong>speciosum</strong></span> <span class='ocrx_word' id='word_1_30' title='bbox 950 747 993 788; x_wconf 92' lang='lat' dir='ltr'><strong>in</strong></span> <span class='ocrx_word' id='word_1_31' title='bbox 1012 746 1159 802; x_wconf 90' lang='lat' dir='ltr'><strong>primis</strong></span> <span class='ocrx_word' id='word_1_32' title='bbox 1181 753 1481 803; x_wconf 82' lang='lat' dir='ltr'><strong>argumentum</strong></span> <span class='ocrx_word' id='word_1_33' title='bbox 1507 761 1557 788; x_wconf 83' lang='lat' dir='ltr'><strong>ex</strong></span> <span class='ocrx_word' id='word_1_34' title='bbox 1574 748 1752 790; x_wconf 89' lang='lat' dir='ltr'><strong>Hermo·</strong></span> 
     </span>
     <span class='ocr_line' id='line_1_7' title="bbox 424 824 1754 882; baseline -0.002 -12"><span class='ocrx_word' id='word_1_35' title='bbox 424 830 527 870; x_wconf 89' lang='lat' dir='ltr'><strong>timo</strong></span> <span class='ocrx_word' id='word_1_36' title='bbox 558 826 791 869; x_wconf 85' lang='lat' dir='ltr'><strong>derivatur.</strong></span> <span class='ocrx_word' id='word_1_37' title='bbox 836 825 1049 868; x_wconf 87' lang='lat' dir='ltr'><strong>Lucianus</strong></span> <span class='ocrx_word' id='word_1_38' title='bbox 1080 825 1124 866; x_wconf 87' lang='lat' dir='ltr'><strong>in</strong></span> <span class='ocrx_word' id='word_1_39' title='bbox 1157 839 1207 867; x_wconf 87' lang='lat' dir='ltr'><strong>eo</strong></span> <span class='ocrx_word' id='word_1_40' title='bbox 1253 824 1451 881; x_wconf 85' lang='lat' dir='ltr'>dialogo,</span> <span class='ocrx_word' id='word_1_41' title='bbox 1485 837 1613 880; x_wconf 89' lang='lat' dir='ltr'><strong>quem</strong></span> <span class='ocrx_word' id='word_1_42' title='bbox 1649 840 1754 882; x_wconf 80' lang='lat' dir='ltr'><strong>qua—</strong></span> 
     </span>
     <span class='ocr_line' id='line_1_8' title="bbox 425 904 1752 964; baseline -0.001 -15"><span class='ocrx_word' id='word_1_43' title='bbox 425 906 706 964; x_wconf 87' lang='lat' dir='ltr'><strong>dragenarius</strong></span> <span class='ocrx_word' id='word_1_44' title='bbox 733 906 901 962; x_wconf 84' lang='lat' dir='ltr'><strong>scripsit</strong></span> <span class='ocrx_word' id='word_1_45' title='bbox 917 912 947 957; x_wconf 72' lang='lat'><strong>⁹,</strong></span> <span class='ocrx_word' id='word_1_46' title='bbox 967 905 1072 947; x_wconf 89' lang='lat' dir='ltr'><strong>dicit</strong></span> <span class='ocrx_word' id='word_1_47' title='bbox 1088 904 1336 962; x_wconf 86' lang='lat' dir='ltr'><strong>quindecim</strong></span> <span class='ocrx_word' id='word_1_48' title='bbox 1354 904 1444 947; x_wconf 81' lang='lat' dir='ltr'><strong>fere</strong></span> <span class='ocrx_word' id='word_1_49' title='bbox 1467 918 1599 946; x_wconf 87' lang='lat' dir='ltr'><strong>annos</strong></span> <span class='ocrx_word' id='word_1_50' title='bbox 1618 920 1707 948; x_wconf 91' lang='lat' dir='ltr'><strong>esse</strong></span> <span class='ocrx_word' id='word_1_51' title='bbox 1722 908 1752 958; x_wconf 72' lang='lat'><strong>³,</strong></span> 
     </span>
     <span class='ocr_line' id='line_1_9' title="bbox 423 982 1755 1043; baseline -0.002 -16"><span class='ocrx_word' id='word_1_52' title='bbox 423 998 560 1043; x_wconf 85' lang='lat' dir='ltr'><strong>quum</strong></span> <span class='ocrx_word' id='word_1_53' title='bbox 604 998 744 1027; x_wconf 90' lang='lat' dir='ltr'><strong>senem</strong></span> <span class='ocrx_word' id='word_1_54' title='bbox 777 982 1005 1041; x_wconf 83' lang='lat' dir='ltr'>quemdam</span> <span class='ocrx_word' id='word_1_55' title='bbox 1036 982 1203 1024; x_wconf 85' lang='lat' dir='ltr'><strong>audiret</strong></span> <span class='ocrx_word' id='word_1_56' title='bbox 1241 990 1523 1040; x_wconf 74' lang='lat' dir='ltr'><strong>exponentem</strong></span> <span class='ocrx_word' id='word_1_57' title='bbox 1552 984 1755 1041; x_wconf 45' lang='lat' dir='ltr'><strong>quemad„</strong></span> 
     </span>
     <span class='ocr_line' id='line_1_10' title="bbox 426 1060 1753 1115; baseline -0.002 -10"><span class='ocrx_word' id='word_1_58' title='bbox 426 1063 599 1105; x_wconf 88' lang='lat' dir='ltr'><strong>modum</strong></span> <span class='ocrx_word' id='word_1_59' title='bbox 624 1076 667 1102; x_wconf 87' lang='lat' dir='ltr'><strong>se</strong></span> <span class='ocrx_word' id='word_1_60' title='bbox 689 1075 755 1102; x_wconf 89' lang='lat' dir='ltr'><strong>res</strong></span> <span class='ocrx_word' id='word_1_61' title='bbox 776 1061 985 1102; x_wconf 88' lang='lat' dir='ltr'><strong>haberent</strong></span> <span class='ocrx_word' id='word_1_62' title='bbox 1010 1061 1053 1101; x_wconf 92' lang='lat' dir='ltr'><strong>in</strong></span> <span class='ocrx_word' id='word_1_63' title='bbox 1070 1060 1366 1115; x_wconf 81' lang='lat' dir='ltr'>philosophiae</span> <span class='ocrx_word' id='word_1_64' title='bbox 1392 1062 1581 1113; x_wconf 84' lang='lat' dir='ltr'><strong>civitate3</strong></span> <span class='ocrx_word' id='word_1_65' title='bbox 1601 1062 1753 1103; x_wconf 90' lang='lat' dir='ltr'><strong>ducem</strong></span> 
     </span>
     <span class='ocr_line' id='line_1_11' title="bbox 422 1137 1753 1196; baseline 0.002 -16"><span class='ocrx_word' id='word_1_66' title='bbox 422 1139 599 1195; x_wconf 87' lang='lat' dir='ltr'><strong>quidem</strong></span> <span class='ocrx_word' id='word_1_67' title='bbox 636 1137 753 1179; x_wconf 90' lang='lat' dir='ltr'><strong>hunc</strong></span> <span class='ocrx_word' id='word_1_68' title='bbox 794 1152 938 1179; x_wconf 92' lang='lat' dir='ltr'><strong>senem</strong></span> <span class='ocrx_word' id='word_1_69' title='bbox 979 1152 1022 1179; x_wconf 90' lang='lat' dir='ltr'><strong>se</strong></span> <span class='ocrx_word' id='word_1_70' title='bbox 1053 1138 1280 1189; x_wconf 90' lang='lat' dir='ltr'><strong>obtulisse,</strong></span> <span class='ocrx_word' id='word_1_71' title='bbox 1314 1139 1390 1194; x_wconf 90' lang='lat' dir='ltr'><strong>qui</strong></span> <span class='ocrx_word' id='word_1_72' title='bbox 1424 1140 1588 1182; x_wconf 85' lang='lat' dir='ltr'><strong>civibus</strong></span> <span class='ocrx_word' id='word_1_73' title='bbox 1614 1141 1753 1196; x_wconf 69' lang='lat' dir='ltr'><strong>ipsun:</strong></span> 
     </span>
     <span class='ocr_line' id='line_1_12' title="bbox 424 1216 1753 1273; baseline 0.001 -12"><span class='ocrx_word' id='word_1_74' title='bbox 424 1218 630 1261; x_wconf 87' lang='lat' dir='ltr'><strong>advenam</strong></span> <span class='ocrx_word' id='word_1_75' title='bbox 658 1216 952 1272; x_wconf 80' lang='lat' dir='ltr'><strong>adscripturus</strong></span> <span class='ocrx_word' id='word_1_76' title='bbox 979 1225 1115 1267; x_wconf 86' lang='lat' dir='ltr'><strong>esset,</strong></span> <span class='ocrx_word' id='word_1_77' title='bbox 1150 1232 1193 1259; x_wconf 90' lang='lat' dir='ltr'><strong>se</strong></span> <span class='ocrx_word' id='word_1_78' title='bbox 1225 1232 1322 1259; x_wconf 87' lang='lat' dir='ltr'><strong>vero</strong></span> <span class='ocrx_word' id='word_1_79' title='bbox 1350 1232 1452 1273; x_wconf 89' lang='lat' dir='ltr'><strong>prae</strong></span> <span class='ocrx_word' id='word_1_80' title='bbox 1475 1217 1660 1273; x_wconf 85' lang='lat' dir='ltr'><strong>juvenili</strong></span> <span class='ocrx_word' id='word_1_81' title='bbox 1688 1220 1753 1262; x_wconf 89' lang='lat' dir='ltr'><strong>in·-</strong></span> 
     </span>
     <span class='ocr_line' id='line_1_13' title="bbox 424 1294 1753 1351; baseline 0.002 -14"><span class='ocrx_word' id='word_1_82' title='bbox 424 1295 543 1339; x_wconf 76' lang='lat' dir='ltr'><strong>scitia</strong></span> <span class='ocrx_word' id='word_1_83' title='bbox 573 1295 610 1337; x_wconf 89' lang='lat' dir='ltr'><strong>ei</strong></span> <span class='ocrx_word' id='word_1_84' title='bbox 640 1309 724 1337; x_wconf 90' lang='lat' dir='ltr'><strong>non</strong></span> <span class='ocrx_word' id='word_1_85' title='bbox 751 1294 1079 1351; x_wconf 83' lang='lat' dir='ltr'><strong>obtemperasse.</strong></span> <span class='ocrx_word' id='word_1_86' title='bbox 1112 1294 1279 1351; x_wconf 86' lang='lat' dir='ltr'><strong>Nigrini</strong></span> <span class='ocrx_word' id='word_1_87' title='bbox 1306 1301 1449 1339; x_wconf 88' lang='lat' dir='ltr'><strong>autem</strong></span> <span class='ocrx_word' id='word_1_88' title='bbox 1473 1297 1753 1347; x_wconf 83' lang='lat' dir='ltr'><strong>sermonibus,</strong></span> 
     </span>
     <span class='ocr_line' id='line_1_14' title="bbox 429 1373 1756 1433; baseline 0.001 -14"><span class='ocrx_word' id='word_1_89' title='bbox 429 1378 584 1419; x_wconf 81' lang='lat' dir='ltr'><strong>Romae</strong></span> <span class='ocrx_word' id='word_1_90' title='bbox 617 1375 792 1433; x_wconf 86' lang='lat' dir='ltr'><strong>degenti</strong></span> <span class='ocrx_word' id='word_1_91' title='bbox 816 1373 1130 1431; x_wconf 85' lang='lat' dir='ltr'><strong>philosophiam</strong></span> <span class='ocrx_word' id='word_1_92' title='bbox 1155 1374 1574 1428; x_wconf 83' lang='lat' dir='ltr'><strong>commendantibus,</strong></span> <span class='ocrx_word' id='word_1_93' title='bbox 1608 1385 1650 1420; x_wconf 90' lang='lat' dir='ltr'><strong>et</strong></span> <span class='ocrx_word' id='word_1_94' title='bbox 1675 1379 1756 1420; x_wconf 88' lang='lat' dir='ltr'><strong>Ro-</strong></span> 
     </span>
     <span class='ocr_line' id='line_1_15' title="bbox 426 1454 1753 1511; baseline 0 -13"><span class='ocrx_word' id='word_1_95' title='bbox 426 1470 649 1498; x_wconf 90' lang='lat' dir='ltr'><strong>manorum</strong></span> <span class='ocrx_word' id='word_1_96' title='bbox 685 1469 824 1496; x_wconf 87' lang='lat' dir='ltr'><strong>mores</strong></span> <span class='ocrx_word' id='word_1_97' title='bbox 859 1454 1275 1511; x_wconf 88' lang='lat' dir='ltr'><strong>perstringentibus,</strong></span> <span class='ocrx_word' id='word_1_98' title='bbox 1307 1455 1367 1497; x_wconf 89' lang='lat' dir='ltr'><strong>ita</strong></span> <span class='ocrx_word' id='word_1_99' title='bbox 1407 1456 1597 1498; x_wconf 90' lang='lat' dir='ltr'><strong>animum</strong></span> <span class='ocrx_word' id='word_1_100' title='bbox 1631 1471 1753 1499; x_wconf 91' lang='lat' dir='ltr'><strong>suum</strong></span> 
     </span>
     <span class='ocr_line' id='line_1_16' title="bbox 422 1531 1754 1591; baseline 0.004 -17"><span class='ocrx_word' id='word_1_101' title='bbox 422 1535 627 1576; x_wconf 80' lang='lat' dir='ltr'><strong>affectum</strong></span> <span class='ocrx_word' id='word_1_102' title='bbox 653 1547 742 1574; x_wconf 89' lang='lat' dir='ltr'><strong>esse</strong></span> <span class='ocrx_word' id='word_1_103' title='bbox 764 1531 895 1582; x_wconf 88' lang='lat' dir='ltr'><strong>dicit,</strong></span> <span class='ocrx_word' id='word_1_104' title='bbox 912 1539 962 1573; x_wconf 88' lang='lat' dir='ltr'><strong>ut</strong></span> <span class='ocrx_word' id='word_1_105' title='bbox 991 1532 1113 1589; x_wconf 90' lang='lat' dir='ltr'><strong>quasi</strong></span> <span class='ocrx_word' id='word_1_106' title='bbox 1139 1548 1189 1574; x_wconf 82' lang='lat' dir='ltr'><strong>ex</strong></span> <span class='ocrx_word' id='word_1_107' title='bbox 1213 1533 1438 1588; x_wconf 88' lang='lat' dir='ltr'><strong>tenebroso</strong></span> <span class='ocrx_word' id='word_1_108' title='bbox 1454 1534 1639 1591; x_wconf 90' lang='lat' dir='ltr'><strong>quodam</strong></span> <span class='ocrx_word' id='word_1_109' title='bbox 1654 1541 1754 1579; x_wconf 65' lang='lat' dir='ltr'><strong>aere</strong></span> 
     </span>
     <span class='ocr_line' id='line_1_17' title="bbox 426 1608 1753 1670; baseline 0.003 -18"><span class='ocrx_word' id='word_1_110' title='bbox 426 1611 479 1653; x_wconf 82' lang='lat' dir='ltr'><strong>ad</strong></span> <span class='ocrx_word' id='word_1_111' title='bbox 510 1623 710 1668; x_wconf 88' lang='lat' dir='ltr'><strong>magnam</strong></span> <span class='ocrx_word' id='word_1_112' title='bbox 739 1609 882 1651; x_wconf 85' lang='lat' dir='ltr'><strong>lucem</strong></span> <span class='ocrx_word' id='word_1_113' title='bbox 910 1608 1143 1664; x_wconf 84' lang='lat' dir='ltr'><strong>respiceret</strong></span> <span class='ocrx_word' id='word_1_114' title='bbox 1166 1609 1198 1651; x_wconf 72' lang='lat'><strong>⁴.</strong></span> <span class='ocrx_word' id='word_1_115' title='bbox 1229 1610 1368 1666; x_wconf 80' lang='lat' dir='ltr'><strong>Igitur</strong></span> <span class='ocrx_word' id='word_1_116' title='bbox 1393 1610 1466 1654; x_wconf 92' lang='lat' dir='ltr'><strong>hic</strong></span> <span class='ocrx_word' id='word_1_117' title='bbox 1493 1613 1753 1670; x_wconf 88' lang='lat' dir='ltr'><strong>Nigrinusin</strong></span> 
     </span>
     <span class='ocr_line' id='line_1_18' title="bbox 422 1685 1750 1744; baseline 0.003 -13"><span class='ocrx_word' id='word_1_118' title='bbox 422 1689 683 1731; x_wconf 84' lang='lat' dir='ltr'><strong>Hermotimo</strong></span> <span class='ocrx_word' id='word_1_119' title='bbox 704 1687 985 1741; x_wconf 81' lang='lat' dir='ltr'><strong>significetur.</strong></span> <span class='ocrx_word' id='word_1_120' title='bbox 1018 1685 1155 1741; x_wconf 86' lang='lat' dir='ltr'><strong>Hujus</strong></span> <span class='ocrx_word' id='word_1_121' title='bbox 1169 1696 1396 1744; x_wconf 86' lang='lat' dir='ltr'><strong>praecepta</strong></span> <span class='ocrx_word' id='word_1_122' title='bbox 1412 1690 1623 1734; x_wconf 90' lang='lat' dir='ltr'><strong>Lucianus</strong></span> <span class='ocrx_word' id='word_1_123' title='bbox 1651 1707 1750 1735; x_wconf 81' lang='lat' dir='ltr'><strong>con-</strong></span> 
     </span>
     <span class='ocr_line' id='line_1_19' title="bbox 427 1763 1753 1822; baseline 0.003 -12"><span class='ocrx_word' id='word_1_124' title='bbox 427 1768 544 1810; x_wconf 88' lang='lat' dir='ltr'><strong>tinuo</strong></span> <span class='ocrx_word' id='word_1_125' title='bbox 569 1764 803 1809; x_wconf 87' lang='lat' dir='ltr'><strong>admiratus</strong></span> <span class='ocrx_word' id='word_1_126' title='bbox 828 1763 900 1807; x_wconf 91' lang='lat' dir='ltr'><strong>sed</strong></span> <span class='ocrx_word' id='word_1_127' title='bbox 933 1771 1078 1820; x_wconf 86' lang='lat' dir='ltr'><strong>postea</strong></span> <span class='ocrx_word' id='word_1_128' title='bbox 1105 1779 1191 1808; x_wconf 91' lang='lat' dir='ltr'><strong>non</strong></span> <span class='ocrx_word' id='word_1_129' title='bbox 1218 1774 1388 1809; x_wconf 88' lang='lat' dir='ltr'><strong>secutus</strong></span> <span class='ocrx_word' id='word_1_130' title='bbox 1417 1767 1570 1822; x_wconf 88' lang='lat' dir='ltr'><strong>fuerit,</strong></span> <span class='ocrx_word' id='word_1_131' title='bbox 1597 1778 1639 1812; x_wconf 91' lang='lat' dir='ltr'><strong>et</strong></span> <span class='ocrx_word' id='word_1_132' title='bbox 1666 1771 1753 1814; x_wconf 83' lang='lat' dir='ltr'><strong>dia·</strong></span> 
     </span>
     <span class='ocr_line' id='line_1_20' title="bbox 422 1842 1748 1901; baseline 0.004 -15"><span class='ocrx_word' id='word_1_133' title='bbox 422 1848 546 1901; x_wconf 86' lang='lat' dir='ltr'><strong>logus</strong></span> <span class='ocrx_word' id='word_1_134' title='bbox 582 1843 673 1898; x_wconf 88' lang='lat' dir='ltr'><strong>ejus</strong></span> <span class='ocrx_word' id='word_1_135' title='bbox 708 1842 892 1885; x_wconf 87' lang='lat' dir='ltr'><strong>nominis</strong></span> <span class='ocrx_word' id='word_1_136' title='bbox 929 1844 1082 1899; x_wconf 89' lang='lat' dir='ltr'><strong>quinto</strong></span> <span class='ocrx_word' id='word_1_137' title='bbox 1108 1851 1150 1884; x_wconf 87' lang='lat' dir='ltr'><strong>et</strong></span> <span class='ocrx_word' id='word_1_138' title='bbox 1177 1845 1377 1887; x_wconf 87' lang='lat' dir='ltr'><strong>vicesimo</strong></span> <span class='ocrx_word' id='word_1_139' title='bbox 1409 1848 1557 1889; x_wconf 83' lang='lat' dir='ltr'><strong>aetatis</strong></span> <span class='ocrx_word' id='word_1_140' title='bbox 1585 1864 1698 1893; x_wconf 89' lang='lat' dir='ltr'><strong>anno</strong></span> <span class='ocrx_word' id='word_1_141' title='bbox 1727 1867 1748 1891; x_wconf 84' lang='lat' dir='ltr'><strong>a</strong></span> 
     </span>
     <span class='ocr_line' id='line_1_21' title="bbox 420 1920 1750 1982; baseline 0.003 -19"><span class='ocrx_word' id='word_1_142' title='bbox 420 1922 610 1964; x_wconf 87' lang='lat' dir='ltr'><strong>Luciano</strong></span> <span class='ocrx_word' id='word_1_143' title='bbox 650 1921 833 1975; x_wconf 87' lang='lat' dir='ltr'><strong>scriptus</strong></span> <span class='ocrx_word' id='word_1_144' title='bbox 862 1920 941 1971; x_wconf 89' lang='lat' dir='ltr'><strong>sit,</strong></span> <span class='ocrx_word' id='word_1_145' title='bbox 977 1934 1113 1975; x_wconf 89' lang='lat' dir='ltr'><strong>quum</strong></span> <span class='ocrx_word' id='word_1_146' title='bbox 1148 1921 1195 1963; x_wconf 93' lang='lat' dir='ltr'><strong>in</strong></span> <span class='ocrx_word' id='word_1_147' title='bbox 1222 1923 1390 1965; x_wconf 87' lang='lat' dir='ltr'><strong>Italiam</strong></span> <span class='ocrx_word' id='word_1_148' title='bbox 1421 1924 1669 1982; x_wconf 85' lang='lat' dir='ltr'><strong>migrasset,</strong></span> <span class='ocrx_word' id='word_1_149' title='bbox 1703 1938 1750 1969; x_wconf 80' lang='lat' dir='ltr'><strong>ut</strong></span> 
     </span>
     <span class='ocr_line' id='line_1_22' title="bbox 421 1998 1748 2057; baseline 0.005 -14"><span class='ocrx_word' id='word_1_150' title='bbox 421 1999 661 2057; x_wconf 86' lang='lat' dir='ltr'><strong>sophisticis</strong></span> <span class='ocrx_word' id='word_1_151' title='bbox 685 1998 1069 2043; x_wconf 86' lang='lat' dir='ltr'><strong>declamationibus</strong></span> <span class='ocrx_word' id='word_1_152' title='bbox 1095 2008 1319 2056; x_wconf 85' lang='lat' dir='ltr'><strong>quaestum</strong></span> <span class='ocrx_word' id='word_1_153' title='bbox 1345 2001 1507 2047; x_wconf 87' lang='lat' dir='ltr'><strong>faceret</strong></span> <span class='ocrx_word' id='word_1_154' title='bbox 1522 2005 1556 2050; x_wconf 82' lang='lat'><strong>⁵.</strong></span> <span class='ocrx_word' id='word_1_155' title='bbox 1588 2006 1748 2052; x_wconf 88' lang='lat' dir='ltr'><strong>Verum</strong></span> 
     </span>
     <span class='ocr_line' id='line_1_23' title="bbox 419 2076 1747 2140; baseline 0.006 -22"><span class='ocrx_word' id='word_1_156' title='bbox 419 2079 649 2134; x_wconf 75' lang='lat' dir='ltr'><strong>primum,</strong></span> <span class='ocrx_word' id='word_1_157' title='bbox 664 2084 713 2118; x_wconf 92' lang='lat' dir='ltr'><strong>ut</strong></span> <span class='ocrx_word' id='word_1_158' title='bbox 730 2076 821 2131; x_wconf 90' lang='lat' dir='ltr'><strong>jam</strong></span> <span class='ocrx_word' id='word_1_159' title='bbox 843 2076 1034 2131; x_wconf 87' lang='lat' dir='ltr'><strong>potuerit</strong></span> <span class='ocrx_word' id='word_1_160' title='bbox 1054 2091 1104 2117; x_wconf 87' lang='lat' dir='ltr'><strong>ea</strong></span> <span class='ocrx_word' id='word_1_161' title='bbox 1129 2085 1267 2120; x_wconf 87' lang='lat' dir='ltr'><strong>aetate</strong></span> <span class='ocrx_word' id='word_1_162' title='bbox 1290 2087 1377 2120; x_wconf 88' lang='lat' dir='ltr'><strong>tam</strong></span> <span class='ocrx_word' id='word_1_163' title='bbox 1400 2081 1601 2123; x_wconf 88' lang='lat' dir='ltr'><strong>eximium</strong></span> <span class='ocrx_word' id='word_1_164' title='bbox 1622 2098 1747 2140; x_wconf 83' lang='lat' dir='ltr'><strong>opus—</strong></span> 
     </span>
     <span class='ocr_line' id='line_1_24' title="bbox 420 2152 1746 2212; baseline 0.007 -17"><span class='ocrx_word' id='word_1_165' title='bbox 420 2155 568 2195; x_wconf 89' lang='lat' dir='ltr'><strong>eulum</strong></span> <span class='ocrx_word' id='word_1_166' title='bbox 596 2153 785 2195; x_wconf 88' lang='lat' dir='ltr'><strong>scrihere</strong></span> <span class='ocrx_word' id='word_1_167' title='bbox 804 2185 815 2204; x_wconf 91' lang='lat'>‚</span> <span class='ocrx_word' id='word_1_168' title='bbox 840 2152 1097 2196; x_wconf 87' lang='lat' dir='ltr'><strong>incredibile</strong></span> <span class='ocrx_word' id='word_1_169' title='bbox 1115 2162 1257 2197; x_wconf 90' lang='lat' dir='ltr'><strong>tamen</strong></span> <span class='ocrx_word' id='word_1_170' title='bbox 1285 2156 1360 2209; x_wconf 87' lang='lat' dir='ltr'><strong>sit,</strong></span> <span class='ocrx_word' id='word_1_171' title='bbox 1381 2156 1585 2212; x_wconf 83' lang='lat' dir='ltr'><strong>juvenem</strong></span> <span class='ocrx_word' id='word_1_172' title='bbox 1602 2160 1746 2203; x_wconf 84' lang='lat' dir='ltr'><strong>decla-</strong></span> 
     </span>
     <span class='ocr_line' id='line_1_25' title="bbox 421 2230 1744 2288; baseline 0.008 -16"><span class='ocrx_word' id='word_1_173' title='bbox 421 2238 628 2273; x_wconf 85' lang='lat' dir='ltr'><strong>matorem</strong></span> <span class='ocrx_word' id='word_1_174' title='bbox 672 2231 727 2273; x_wconf 87' lang='lat' dir='ltr'><strong>ab</strong></span> <span class='ocrx_word' id='word_1_175' title='bbox 774 2230 1045 2274; x_wconf 87' lang='lat' dir='ltr'><strong>acerbissima</strong></span> <span class='ocrx_word' id='word_1_176' title='bbox 1084 2232 1273 2288; x_wconf 88' lang='lat' dir='ltr'><strong>ipsorum</strong></span> <span class='ocrx_word' id='word_1_177' title='bbox 1318 2234 1529 2280; x_wconf 85' lang='lat' dir='ltr'><strong>derisione</strong></span> <span class='ocrx_word' id='word_1_178' title='bbox 1577 2239 1744 2282; x_wconf 85' lang='lat' dir='ltr'><strong>initium</strong></span> 
     </span>
    </p>
   </div>
   <div class='ocr_carea' id='block_1_3' title="bbox 645 2359 824 2365">
    <p class='ocr_par' dir='ltr' id='par_1_4' title="bbox 645 2359 824 2365">
     <span class='ocr_line' id='line_1_26' title="bbox 645 2359 824 2365; baseline 0 0"><span class='ocrx_word' id='word_1_179' title='bbox 645 2359 824 2365; x_wconf 95' lang='lat' dir='ltr'><strong> </strong></span> 
     </span>
    </p>
   </div>
   <div class='ocr_carea' id='block_1_4' title="bbox 442 2360 642 2367">
    <p class='ocr_par' dir='ltr' id='par_1_5' title="bbox 442 2360 642 2367">
     <span class='ocr_line' id='line_1_27' title="bbox 442 2360 642 2367; baseline 0 1133"><span class='ocrx_word' id='word_1_180' title='bbox 442 2360 642 2367; x_wconf 95' lang='lat' dir='ltr'><strong> </strong></span> 
     </span>
    </p>
   </div>
   <div class='ocr_carea' id='block_1_5' title="bbox 412 2430 1743 2584">
    <p class='ocr_par' dir='ltr' id='par_1_6' title="bbox 412 2430 1743 2584">
     <span class='ocr_line' id='line_1_28' title="bbox 463 2430 1743 2478; baseline 0.012 -18"><span class='ocrx_word' id='word_1_181' title='bbox 463 2430 475 2452; x_wconf 90' lang='lat'>1</span> <span class='ocrx_word' id='word_1_182' title='bbox 504 2432 658 2468; x_wconf 81' lang='lat' dir='ltr'><strong>Solanus,</strong></span> <span class='ocrx_word' id='word_1_183' title='bbox 677 2431 715 2462; x_wconf 82' lang='lat' dir='ltr'><strong>ad</strong></span> <span class='ocrx_word' id='word_1_184' title='bbox 740 2432 798 2462; x_wconf 83' lang='lat' dir='ltr'><strong>lib.</strong></span> <span class='ocrx_word' id='word_1_185' title='bbox 817 2433 905 2468; x_wconf 59' lang='lat' dir='ltr'><strong>inim</strong></span> <span class='ocrx_word' id='word_1_186' title='bbox 935 2433 1100 2465; x_wconf 79' lang='lat' dir='ltr'><strong>Hermann.</strong></span> <span class='ocrx_word' id='word_1_187' title='bbox 1124 2434 1205 2476; x_wconf 80' lang='lat' dir='ltr'><strong>Aug.</strong></span> <span class='ocrx_word' id='word_1_188' title='bbox 1227 2435 1349 2468; x_wconf 78' lang='lat' dir='ltr'><strong>schulz.</strong></span> <span class='ocrx_word' id='word_1_189' title='bbox 1369 2438 1391 2467; x_wconf 90' lang='lat' dir='ltr'><strong>l.</strong></span> <span class='ocrx_word' id='word_1_190' title='bbox 1409 2439 1452 2478; x_wconf 89' lang='grc'><strong>1.,</strong></span> <span class='ocrx_word' id='word_1_191' title='bbox 1479 2439 1511 2471; x_wconf 88' lang='lat' dir='ltr'><strong>S.</strong></span> <span class='ocrx_word' id='word_1_192' title='bbox 1527 2438 1608 2476; x_wconf 63' lang='lat'>80⁴1:</span> <span class='ocrx_word' id='word_1_193' title='bbox 1631 2442 1743 2477; x_wconf 70' lang='lat' dir='ltr'><strong>wem.</strong></span> 
     </span>
     <span class='ocr_line' id='line_1_29' title="bbox 412 2487 1743 2530; baseline 0.008 -12"><span class='ocrx_word' id='word_1_194' title='bbox 412 2489 450 2519; x_wconf 86' lang='lat' dir='ltr'><strong>de</strong></span> <span class='ocrx_word' id='word_1_195' title='bbox 468 2487 542 2519; x_wconf 80' lang='lat' dir='ltr'><strong>Luc.</strong></span> <span class='ocrx_word' id='word_1_196' title='bbox 559 2487 624 2519; x_wconf 81' lang='lat' dir='ltr'><strong>vit.</strong></span> <span class='ocrx_word' id='word_1_197' title='bbox 644 2494 673 2518; x_wconf 87' lang='lat' dir='ltr'><strong>et</strong></span> <span class='ocrx_word' id='word_1_198' title='bbox 691 2487 756 2520; x_wconf 84' lang='lat' dir='ltr'><strong>Ser.</strong></span> <span class='ocrx_word' id='word_1_199' title='bbox 777 2500 808 2528; x_wconf 90' lang='lat' dir='ltr'><strong>p.</strong></span> <span class='ocrx_word' id='word_1_200' title='bbox 819 2487 881 2527; x_wconf 85' lang='lat'><strong>36;</strong></span> <span class='ocrx_word' id='word_1_201' title='bbox 894 2488 1049 2521; x_wconf 72' lang='lat' dir='ltr'><strong>schlosser</strong></span> <span class='ocrx_word' id='word_1_202' title='bbox 1060 2514 1067 2528; x_wconf 85' lang='lat'><strong><em>,</em></strong></span> <span class='ocrx_word' id='word_1_203' title='bbox 1081 2491 1220 2522; x_wconf 69' lang='lat' dir='ltr'><strong>univers.</strong></span> <span class='ocrx_word' id='word_1_204' title='bbox 1238 2491 1363 2526; x_wconf 72' lang='lat' dir='ltr'><strong>Heben.</strong></span> <span class='ocrx_word' id='word_1_205' title='bbox 1376 2493 1430 2523; x_wconf 82' lang='lat' dir='ltr'><strong>der</strong></span> <span class='ocrx_word' id='word_1_206' title='bbox 1438 2494 1545 2527; x_wconf 67' lang='lat' dir='ltr'><strong>Geseh.</strong></span> <span class='ocrx_word' id='word_1_207' title='bbox 1557 2497 1587 2527; x_wconf 79' lang='lat' dir='ltr'><strong>d.</strong></span> <span class='ocrx_word' id='word_1_208' title='bbox 1601 2509 1627 2526; x_wconf 75' lang='lat' dir='ltr'><strong>a.</strong></span> <span class='ocrx_word' id='word_1_209' title='bbox 1638 2498 1723 2530; x_wconf 46' lang='lat' dir='ltr'><strong>KVc-lt</strong></span> <span class='ocrx_word' id='word_1_210' title='bbox 1737 2525 1743 2530; x_wconf 90' lang='lat'><em>.</em></span> 
     </span>
     <span class='ocr_line' id='line_1_30' title="bbox 413 2541 829 2584; baseline 0.005 -11"><span class='ocrx_word' id='word_1_211' title='bbox 413 2543 470 2575; x_wconf 76' lang='lat' dir='ltr'><strong>Th.</strong></span> <span class='ocrx_word' id='word_1_212' title='bbox 489 2542 559 2579; x_wconf 74' lang='lat'>111,</span> <span class='ocrx_word' id='word_1_213' title='bbox 578 2542 619 2577; x_wconf 76' lang='lat' dir='ltr'><strong>A.</strong></span> <span class='ocrx_word' id='word_1_214' title='bbox 643 2543 679 2584; x_wconf 88' lang='grc' dir='ltr'><strong>Ι,</strong></span> <span class='ocrx_word' id='word_1_215' title='bbox 698 2542 729 2573; x_wconf 87' lang='lat' dir='ltr'><strong>S.</strong></span> <span class='ocrx_word' id='word_1_216' title='bbox 753 2541 829 2575; x_wconf 83' lang='lat'><strong>221.</strong></span> 
     </span>
    </p>
   </div>
   <div class='ocr_carea' id='block_1_6' title="bbox 459 2608 998 2848">
    <p class='ocr_par' dir='ltr' id='par_1_7' title="bbox 463 2608 947 2642">
     <span class='ocr_line' id='line_1_31' title="bbox 463 2608 947 2642; baseline 0.004 -3"><span class='ocrx_word' id='word_1_217' title='bbox 463 2611 479 2629; x_wconf 83' lang='lat'><strong>‘-&#39;</strong></span> <span class='ocrx_word' id='word_1_218' title='bbox 501 2608 636 2641; x_wconf 80' lang='lat' dir='ltr'><strong>Hei-mot.</strong></span> <span class='ocrx_word' id='word_1_219' title='bbox 656 2620 680 2640; x_wconf 76' lang='lat' dir='ltr'><strong>s.</strong></span> <span class='ocrx_word' id='word_1_220' title='bbox 701 2611 738 2641; x_wconf 88' lang='lat' dir='ltr'><strong>de</strong></span> <span class='ocrx_word' id='word_1_221' title='bbox 754 2610 833 2641; x_wconf 83' lang='lat' dir='ltr'><strong>sect.</strong></span> <span class='ocrx_word' id='word_1_222' title='bbox 851 2622 877 2641; x_wconf 85' lang='lat' dir='ltr'><strong>e.</strong></span> <span class='ocrx_word' id='word_1_223' title='bbox 899 2611 947 2642; x_wconf 82' lang='lat'><strong>13.</strong></span> 
     </span>
    </p>

    <p class='ocr_par' dir='ltr' id='par_1_8' title="bbox 461 2673 703 2707">
     <span class='ocr_line' id='line_1_32' title="bbox 461 2673 703 2707; baseline 0.012 -4"><span class='ocrx_word' id='word_1_224' title='bbox 461 2674 475 2693; x_wconf 74' lang='lat'>⁵</span> <span class='ocrx_word' id='word_1_225' title='bbox 508 2674 586 2706; x_wconf 87' lang='lat' dir='ltr'><strong>lbid.</strong></span> <span class='ocrx_word' id='word_1_226' title='bbox 604 2686 631 2705; x_wconf 80' lang='lat' dir='ltr'><strong>c.</strong></span> <span class='ocrx_word' id='word_1_227' title='bbox 649 2673 703 2707; x_wconf 68' lang='lat'><strong>24.</strong></span> 
     </span>
    </p>

    <p class='ocr_par' dir='ltr' id='par_1_9' title="bbox 459 2740 998 2848">
     <span class='ocr_line' id='line_1_33' title="bbox 459 2740 946 2783; baseline 0.008 -14"><span class='ocrx_word' id='word_1_228' title='bbox 459 2744 476 2761; x_wconf 76' lang='lat'>⁴</span> <span class='ocrx_word' id='word_1_229' title='bbox 504 2740 618 2782; x_wconf 84' lang='lat' dir='ltr'><strong>Nigrin.</strong></span> <span class='ocrx_word' id='word_1_230' title='bbox 639 2753 666 2771; x_wconf 85' lang='lat' dir='ltr'><strong>c.</strong></span> <span class='ocrx_word' id='word_1_231' title='bbox 685 2743 723 2781; x_wconf 73' lang='grc'><strong>4,</strong></span> <span class='ocrx_word' id='word_1_232' title='bbox 744 2744 826 2776; x_wconf 80' lang='lat' dir='ltr'><strong>conf,</strong></span> <span class='ocrx_word' id='word_1_233' title='bbox 854 2742 892 2783; x_wconf 74' lang='lat' dir='ltr'><strong>l,</strong></span> <span class='ocrx_word' id='word_1_234' title='bbox 914 2743 946 2773; x_wconf 88' lang='lat'><strong>5.</strong></span> 
     </span>
     <span class='ocr_line' id='line_1_34' title="bbox 504 2804 998 2848; baseline 0.009 -12.6"><span class='ocrx_word' id='word_1_235' title='bbox 504 2804 606 2836; x_wconf 67' lang='lat' dir='ltr'><strong>Wetvl</strong></span> <span class='ocrx_word' id='word_1_236' title='bbox 640 2808 661 2839; x_wconf 88' lang='lat' dir='ltr'><strong>l.</strong></span> <span class='ocrx_word' id='word_1_237' title='bbox 683 2817 791 2838; x_wconf 77' lang='lat' dir='ltr'><strong>comm.</strong></span> <span class='ocrx_word' id='word_1_238' title='bbox 816 2820 842 2848; x_wconf 88' lang='lat' dir='ltr'><strong>p.</strong></span> <span class='ocrx_word' id='word_1_239' title='bbox 864 2807 907 2837; x_wconf 75' lang='grc'><strong>36</strong></span> <span class='ocrx_word' id='word_1_240' title='bbox 921 2833 928 2847; x_wconf 78' lang='lat'>‚</span> <span class='ocrx_word' id='word_1_241' title='bbox 945 2809 998 2840; x_wconf 74' lang='lat'><strong>37.</strong></span> 
     </span>
    </p>
   </div>
   <div class='ocr_carea' id='block_1_7' title="bbox 2088 0 2154 3500">
    <p class='ocr_par' dir='ltr' id='par_1_10' title="bbox 2088 0 2154 3500">
     <span class='ocr_line' id='line_1_35' title="bbox 2088 0 2154 3500; baseline 0 0"><span class='ocrx_word' id='word_1_242' title='bbox 2088 0 2154 3500; x_wconf 95' lang='lat' dir='ltr'><strong> </strong></span> 
     </span>
    </p>
   </div>
  </div>
 </body>
</html>
