2154 3500
1012 267 1062 308 19

368 383 483 425 mine
514 398 613 425 eum
651 385 959 442 appellaverint
997 382 1248 426 adversarii:
1289 397 1400 439 quae
1460 396 1595 439 quum
1634 383 1690 425 ita

365 458 476 513 sint,
509 473 657 505 caussa
677 461 724 504 ni
748 462 875 504 fallor
903 461 947 503 in
971 468 1119 517 aperto
1144 467 1233 510 est,
1266 474 1345 501 cur
1381 461 1428 501 in
1443 474 1493 502 eo
1515 461 1688 519 dialogo

368 538 632 593 potissimum
648 540 908 583 caussidicus
923 539 1324 596 quidam-Lucianus
1340 539 1475 581 videri
1491 539 1690 581 voluerit.

424 616 493 660 Ab
518 618 569 660 iis
597 627 760 672 autem,
793 618 871 676 qui
902 625 1119 669 statuunt,
1142 617 1375 661 Lucianum
1402 626 1496 660 tum
1515 616 1688 660 demum

368 693 601 758 sophistas&
624 696 785 740 factum
808 710 897 739 esse
910 728 921 748 ,
942 708 1100 753 quum,
1119 703 1293 752 propter
1318 697 1450 740 malas
1470 703 1687 739 oratorum

366 782 476 817 artes
492 807 503 825 ,
525 760 695 830 juvenis
716 775 882 830 judicia
908 775 1174 831 reliquisset,
1205 774 1488 825 Parrhesiadis
1515 775 1562 817 in
1577 773 1690 816 Pis-

364 859 518 895 eatore
539 854 737 911 apologia
763 852 931 897 laudari
954 852 1061 896 solet
1087 861 1119 897 1.
1157 851 1292 896 Locus
1314 851 1490 910 quidem
1503 851 1576 896 hic
1595 859 1685 897 est:

364 931 447 984 ἐγὼ
483 935 563 989 γὰρ
607 932 752 988 ἐπειδὴ
794 937 978 990 τάχιστα
1016 932 1217 983 ξυνεῒδον
1252 933 1390 974 ὁπόσα
1428 936 1518 980 τοῖς
1558 934 1687 987 ῥητο-

361 1014 528 1065 ρεύουσι
574 1014 629 1053 τὰ
681 1011 860 1067 δυσχερῆ
913 1012 1156 1063 ἀναγκαῖον
1209 1015 1457 1066 προσεῖναι,
1511 1010 1686 1065 ἀπάτην

364 1092 440 1131 καὶ
463 1089 623 1144 ψεῦδος
651 1091 726 1131 καί
750 1092 1002 1146 θρασύτητα
1029 1089 1106 1131 καὶ
1130 1091 1238 1146 βοὴν
1265 1089 1341 1131 καί
1366 1087 1584 1143 ὠθισμούς
1611 1090 1687 1130 καὶ

361 1167 493 1222 μυρία
526 1166 663 1219 ἄλλα,
704 1172 842 1211 ταῦτα
876 1170 985 1222 μὲν,
1014 1168 1153 1222 ὥσπερ
1181 1170 1291 1216 εῖκὸς
1317 1165 1370 1221 ἦν
1388 1200 1402 1220 ,
1430 1167 1681 1220 ἀπέφυγον,

363 1246 436 1285 ἐπὶ
474 1244 520 1286 δὲ
561 1247 616 1286 τὰ
654 1247 731 1297 σὰ,
768 1241 801 1287 ὦ
850 1244 1118 1298 Φιλοσοφία,
1156 1244 1269 1287 καλὰ
1310 1247 1494 1300 ὁρμήσας
1530 1243 1683 1297 ἠξίουν

361 1324 519 1364 ὁπόσον
546 1323 610 1364 ἔτι
635 1339 707 1376 μοι
735 1321 889 1366 λοιπὸν
915 1326 988 1366 τοῦ
1016 1324 1115 1380 βίον
1142 1327 1341 1378 καθάπερ
1370 1324 1415 1365 ἐκ
1445 1320 1576 1377 ζάλης
1609 1323 1685 1364 καὶ

364 1393 581 1447 πίλῦδωνος
613 1403 654 1448 ἐς
683 1402 827 1444 εὔδιὸν
854 1419 956 1445 τινα
983 1401 1139 1455 λιμένα
1164 1405 1348 1451 σπεύσας
1373 1405 1457 1446 ὑπὸ
1492 1407 1559 1448 σοὶ
1586 1421 1685 1449 σκε-

359 1481 543 1533 πόμενος
571 1480 844 1537 καταβιῶναι
869 1486 901 1521 2.
934 1478 1200 1521 Manifestum
1234 1493 1333 1521 vero
1361 1479 1527 1523 videtur
1544 1515 1556 1534 ,
1596 1497 1684 1526 non

360 1557 434 1601 hic
481 1556 669 1615 aliquam
714 1556 950 1613 juvenilem
969 1590 980 1608 ‚
1023 1571 1048 1600 a
1092 1557 1251 1599 forensi
1294 1557 1348 1600 ad
1387 1557 1682 1604 scholasticam

359 1636 674 1694 eloquentiam,
704 1636 995 1678 transitionem
1030 1636 1289 1693 significari3
1326 1636 1398 1678 sed
1429 1651 1542 1690 eam,
1569 1652 1679 1694 qua,

359 1717 507 1758 relicta
566 1716 738 1758 omnino
789 1716 995 1771 utraque,
1049 1715 1103 1757 ad
1150 1714 1494 1770 philosophicum
1542 1718 1678 1758 otium

359 1802 402 1836 et
447 1808 604 1836 novum
655 1791 870 1835 scribendi
917 1807 1050 1850 genus
1097 1806 1141 1833 se
1185 1800 1452 1835 converteret
1494 1793 1524 1837 ³.
1569 1794 1676 1836 Novi

357 1871 470 1916 enim
505 1870 720 1915 scribendi
750 1869 917 1929 generis
934 1903 945 1923 ,
974 1877 1023 1912 ut
1057 1870 1101 1912 in
1128 1868 1219 1912 Bis
1244 1868 1472 1913 Accu-rato
1499 1873 1675 1929 propria

351 1952 486 1993 forma
503 1983 514 2001 ,
539 1950 598 1993 ita
618 1950 663 1992 iu
694 1949 938 1991 Pia-catere
957 1949 1190 2004 praecipua
1211 1948 1472 2005 disceptatur
1502 1958 1676 1992 senten-

353 2030 425 2073 tia.
470 2029 614 2074 Verbo
651 2031 949 2086 ῥητορεύοντες
976 2035 1063 2070 tam
1098 2026 1326 2084 sophistas,
1373 2028 1476 2084 quia
1498 2028 1673 2084 publice

347 2107 666 2159 declamabant,
696 2121 825 2164 quam
840 2120 1084 2150 caussarum
1109 2113 1295 2149 oratores
1312 2105 1676 2162 comprehendere

348 2187 502 2243 potuit.
535 2186 758 2229 Rationem
782 2193 1065 2242 utrorumque
1080 2184 1241 2241 pariter
1273 2199 1371 2226 cum
1391 2184 1668 2241 deceptione,

390 2394 403 2417 1
429 2396 510 2428 God.
538 2396 675 2427 Wetzlar
689 2419 698 2435 ‚
714 2396 829 2427 Comm.
846 2397 883 2427 de
899 2399 968 2430 Aet.
989 2396 1061 2429 Vita
1081 2395 1237 2436 Scriptisq.
1259 2396 1331 2426 Luc.
1353 2396 1494 2435 Marburg
1507 2393 1593 2425 1834
1607 2418 1616 2434 ,
1638 2406 1668 2433 p.

340 2449 395 2481 29.
418 2449 453 2482 F.
475 2451 514 2484 G.
528 2450 681 2491 Sohoene,
693 2451 770 2484 Luc.
786 2450 908 2482 Traum.
925 2461 957 2483 u.
977 2461 1007 2481 a.
1025 2449 1115 2481 Hane
1134 2448 1230 2490 1838,
1258 2450 1289 2481 S.
1302 2449 1335 2481 5.
1355 2449 1490 2489 Respicit
1504 2459 1571 2480 eam
1583 2449 1671 2479 Wie-

339 2506 414 2536 land
425 2529 435 2546 ,
455 2505 512 2537 Th.
530 2506 547 2537 I
558 2530 567 2547 ,
579 2507 610 2537 S.
623 2507 697 2538 VII.
721 2508 768 2539 Ab
786 2507 962 2539 Hermanno
980 2512 1080 2537 autem
1101 2506 1134 2537 in
1158 2507 1285 2537 eandem
1312 2505 1494 2537 sententiam
1518 2505 1668 2544 accipitur

339 2561 393 2593 Bis
410 2564 485 2595 Ace.
506 2573 533 2595 ο.
555 2560 610 2600 32;
641 2563 720 2597 Piso.
738 2575 766 2597 c.
786 2562 842 2595 25.
857 2564 989 2605 Allgem.
1010 2561 1132 2596 Schulz.
1160 2561 1244 2595 1832
1258 2586 1268 2603 ,
1287 2562 1317 2596 S.
1343 2560 1422 2595 806.

385 2635 401 2654 2
428 2627 541 2663 Piseat.
562 2640 589 2663 c.
611 2627 666 2664 29.

387 2706 402 2724 ⁵
431 2707 465 2736 ld
481 2707 562 2746 quod
580 2712 734 2745 praeterea
751 2714 874 2746 apparet
892 2710 966 2739 coll.
989 2709 1066 2737 Pisc.
1094 2718 1120 2737 c.
1138 2705 1181 2737 25
1201 2717 1268 2736 cum
1289 2705 1339 2735 Bis
1358 2705 1431 2735 Ace.
1452 2716 1480 2738 c.
1501 2702 1543 2735 27
1559 2711 1588 2734 ot
1606 2704 1661 2735 32.
