2154 3500
764 765 1291 823 PRAEFATIO.
1382 804 1387 806 -

923 1001 1095 1014 ——cnps——oe

442 1203 570 1267 Quae
597 1203 658 1249 de
691 1205 800 1266 ipsa
829 1202 1156 1268 dissertatione
1186 1207 1373 1268 ejusque
1399 1206 1595 1250 materie
1626 1204 1696 1249 di·
1725 1240 1729 1243 .

371 1289 515 1335 cenda
551 1292 692 1335 erant
706 1322 717 1340 ‚
758 1288 966 1346 diximus
988 1290 1042 1350 ivi
1069 1286 1320 1333 Prooemio
1339 1307 1356 1342 ,·
1386 1276 1475 1353 qua
1490 1294 1698 1353 propter

371 1374 515 1421 solum
542 1375 687 1436 officio
718 1375 866 1420 debito
876 1375 1176 1436 fingendum
1207 1380 1277 1420 est
1300 1376 1495 1437 gratias
1523 1373 1697 1437 agendi

371 1459 505 1507 Viris
543 1458 839 1507 Clarissimi-s·
852 1493 863 1510 .
892 1473 1087 1522 quorum
1117 1458 1349 1504 institutio
1368 1457 1633 1521 praeclara
1652 1464 1697 1505 et

369 1547 578 1593 maxima
599 1561 718 1610 erga
747 1560 819 1591 me
846 1524 1166 1596 benivolentia,
1187 1542 1392 1607 posthac
1422 1545 1563 1590 etiam
1573 1559 1689 1608 pro-

353 1632 533 1695 fhtura
547 1662 560 1687 ,
608 1646 728 1676 nunc
762 1635 914 1675 tamen
948 1626 1246 1696 Academiam
1277 1630 1525 1693 reliquenti
1573 1631 1695 1676 mihi

365 1720 656 1781 potissimum
699 1716 1094 1762 commemoranda
1120 1722 1200 1763 est.
1250 1715 1435 1762 Utinam
1456 1722 1579 1762 esset
1610 1715 1692 1762 ille

369 1802 694 1850 HEUSDIUSI
730 1802 781 1848 E
782 1803 1034 1849 raditionis
1064 1806 1165 1866 ejus
1186 1804 1535 1865 praestantiam
1558 1807 1604 1863 et
1618 1819 1690 1848 co-

359 1893 498 1953 piam
537 1891 812 1955 docendique
839 1892 937 1936 vim
962 1895 1007 1936 et
1031 1889 1329 1937 alacritatem
1352 1906 1443 1936 non
1459 1906 1693 1953 eqoprae-

371 1978 554 2032 dicabo,
601 1978 686 2025 sed
729 1982 907 2024 tantum
948 1976 1031 2024 ille
1071 1976 1194 2023 mihi
1226 1977 1439 2041 profuit,
1483 1982 1537 2022 ut
1574 1977 1692 2023 hanc

369 2064 658 2128 singularem
684 2065 810 2110 vitae
842 2080 968 2110 meae
985 2064 1272 2128 felicitatem
1287 2070 1476 2128 putem,
1506 2066 1627 2129 quod
1641 2082 1691 2110 eo

353 2152 472 2213 frui
500 2149 620 2196 mihi
652 2149 854 2196 licuerit.
902 2149 1095 2213 Ingenti
1118 2155 1221 2215 ejus
1249 2152 1484 2198 desiderio
1504 2170 1691 2198 commo-

367 2254 481 2284 veor
497 2256 511 2280 .·
551 2254 694 2300 neque
730 2238 852 2282 enim
890 2239 1130 2301 quisquam
1141 2236 1297 2299 facile
1333 2237 1417 2283 illo
1447 2238 1693 2301 discipulo-

366 2340 474 2368 rum
491 2325 727 2368 amantior
729 2324 836 2382 fait
852 2356 863 2374 ‚
891 2339 973 2367 nec
994 2325 1226 2384 majorem
1250 2323 1301 2368 in
1327 2324 1504 2368 animos
1532 2339 1689 2368 eorum

272 2432 274 2434 ·
365 2411 592 2473 regendos
613 2416 667 2472 et,
681 2409 839 2457 studia
845 2408 1152 2472 provehenda
1168 2409 1264 2456 vim
1282 2410 1502 2455 exercuit.
1540 2408 1591 2456 E
1592 2413 1689 2475 qui-

365 2496 468 2542 dem
492 2497 538 2542 si
561 2495 628 2542 ad
652 2512 723 2542 me
747 2498 849 2560 ipse
875 2497 1098 2561 respicio,
1129 2495 1203 2542 vel
1230 2495 1296 2540 ad
1322 2494 1441 2540 lianc
1466 2496 1689 2556 disserta*

367 2584 553 2634 tionem,
585 2582 669 2628 illo
707 2589 895 2628 auctore
926 2588 1185 2646 susceptam
1199 2617 1210 2632 .
1251 2581 1397 2627 multa
1426 2600 1536 2628 scme
1568 2582 1691 2630 mihi

366 2669 521 2714 dee‘sse
550 2669 705 2719 video,
738 2668 815 2715 vel
845 2669 911 2714 ad
942 2671 1124 2732 ingenii
1136 2704 1147 2720 ,
1189 2668 1265 2714 vel
1288 2668 1567 2715 eruditionis
1590 2670 1689 2716 lau-

367 2755 493 2808 dem,
528 2760 578 2800 ut
606 2759 733 2801 tanto
766 2754 1060 2802 dilectissimi
1075 2756 1176 2802 viri
1190 2754 1343 2801 stvdio
1363 2756 1663 2818 respondeam
1677 2792 1687 2810 ,
