2154 3500
1026 239 1082 281 63

392 371 539 427 Neque
566 368 688 410 aliter
723 367 922 409 historiae
958 357 1207 424 dignitatem
1247 384 1270 410 a
1315 368 1600 410 recentiorum
1625 382 1714 410 sor-

388 447 514 489 dibus
542 445 755 488 vindicare
779 445 956 487 studuit.
990 445 1058 487 Uti
1087 446 1341 503 integritatis
1372 454 1415 488 et
1439 446 1716 501 incorruptae

388 523 520 565 animi
540 523 750 567 libertatis
774 522 1101 580 Xenophontem
1128 525 1228 566 etin
1250 525 1397 582 primis
1420 523 1715 583 Thucydidem

386 602 432 642 in
465 600 575 644 libro
619 600 672 643 de
700 600 853 654 modo,
892 616 979 659 quo
1013 600 1232 643 Historia
1257 601 1588 645 conscribenda
1616 603 1709 653 eit,

387 681 577 737 exempla
609 681 811 737 proponit
844 692 857 714 1
878 713 889 732 ,
928 681 989 721 ita
1001 680 1011 723 ’,
1025 679 1277 722 historicum
1309 682 1354 723 in
1378 696 1429 723 eo
1448 681 1599 736 jubet,
1627 695 1715 722 una

388 773 488 802 cum
530 759 647 801 civili
685 758 939 815 prudentia,
973 758 1022 799 ea
1053 758 1311 800 instructum
1359 774 1447 801 esse
1483 758 1715 817 eloquendi

385 837 614 890 facultate,
668 851 779 895 quae
819 836 1028 895 acquisita
1072 835 1126 878 sit
1162 835 1298 878 multa
1337 837 1637 880 exercitatione
1672 843 1716 880 et

385 923 592 971 perpetuo
625 914 773 956 labore
804 918 878 956 xm*
904 914 1017 971 ζήλῳ
1044 916 1133 957 τῶν
1161 915 1355 971 ἀρχαίων
1394 914 1426 957 ².

445 994 645 1039 Videmus
686 994 731 1035 in
770 992 977 1047 ejusmodi
1018 992 1150 1045 locis,
1177 993 1293 1051 quod
1316 992 1409 1048 jam
1437 992 1621 1036 strictim
1647 1000 1714 1036 at-

386 1059 561 1113 tendere
591 1070 720 1121 licet,
747 1077 1012 1128 quantopere
1048 1068 1260 1112 Lucianus
1296 1070 1342 1113 in
1381 1070 1432 1112 iis
1471 1070 1626 1122 rebus,
1666 1070 1712 1112 in

384 1150 540 1208 quibus
578 1154 744 1191 certum
781 1147 1009 1206 quemdam
1050 1154 1092 1189 et
1126 1148 1306 1205 dignum
1336 1148 1555 1190 laboribus
1582 1147 1710 1190 finem

384 1226 647 1282 propositum
675 1239 764 1267 esse
790 1233 1067 1282 agnosceret,
1104 1240 1190 1267 non
1217 1226 1320 1267 levis
1346 1225 1471 1267 homo
1494 1233 1569 1268 aut
1593 1241 1711 1268 seve-

384 1306 503 1347 rioris
546 1319 675 1346 curae
719 1305 942 1360 impatiens
980 1304 1115 1347 videri
1151 1305 1361 1357 voluerit,
1392 1312 1440 1347 ut
1471 1304 1586 1348 haud
1614 1320 1710 1348 raro

384 1383 516 1426 videri
546 1384 677 1435 solet,
705 1383 780 1425 ubi
817 1384 863 1425 in
898 1381 1162 1438 Philosophis
1190 1383 1451 1440 disciplinis,
1488 1384 1533 1425 in
1561 1384 1710 1440 primis

381 1461 426 1503 in
452 1461 621 1523 Stoica,
649 1462 823 1518 procaci
851 1462 938 1503 risu
974 1462 1114 1516 ipsum
1142 1461 1399 1504 Hesiodeum
1430 1465 1595 1519 μακρὸν
1634 1464 1709 1505 καὶ

378 1542 532 1597 ὄρθιον
577 1538 699 1596 οἷμον
739 1539 899 1582 illudit.
944 1539 994 1581 In
1030 1538 1164 1580 literis
1200 1546 1341 1591 certe,
1381 1539 1457 1581 ubi
1494 1538 1708 1590 habehat,

381 1632 489 1675 quos
527 1618 728 1673 probaret
763 1625 806 1659 et
844 1623 1095 1675 sequeretur
1133 1617 1353 1672 exempla,
1396 1617 1431 1658 si
1474 1618 1571 1674 quis
1600 1617 1710 1659 alius

382 1696 592 1750 perspexit
640 1695 786 1737 labore
824 1695 962 1736 solum
1001 1707 1052 1736 ao
1089 1693 1312 1751 diligentia
1352 1708 1495 1737 veram
1535 1694 1708 1737 laudem

381 1772 634 1828 comparari.

436 1851 530 1893 Jam
567 1851 600 1892 si
635 1849 718 1893 hac
756 1850 964 1892 severiore
994 1850 1214 1891 literarum
1241 1848 1469 1905 disciplina
1497 1847 1705 1890 melioris-

380 1946 464 1988 que
490 1930 579 1973 aevi
617 1930 661 1972 in
689 1930 740 1971 iis
769 1930 1054 1972 aemulatione
1079 1930 1345 1986 potissimum
1382 1929 1421 1971 ei
1448 1930 1702 1988 contigerit,

377 2017 448 2063 ut,
495 2010 572 2066 qui
607 2009 784 2066 antiqua
824 2009 937 2051 vitae
968 2008 1179 2065 praesidia
1212 2007 1391 2051 satiricis
1423 2008 1510 2050 suis
1538 2009 1704 2065 scriptis

380 2103 491 2130 unus
509 2087 690 2130 maxime
715 2087 1001 2139 labefactavit,
1016 2086 1132 2129 idem
1161 2093 1337 2143 propter
1362 2087 1639 2143 conspicuam
1658 2088 1705 2129 in

377 2167 427 2207 iis
471 2167 692 2224 antiquam
745 2166 909 2222 ingenii
953 2173 994 2207 et
1039 2165 1180 2207 cultus
1217 2165 1535 2218 salubritatem,
1579 2166 1705 2208 etiam

378 2244 505 2287 hodie
537 2252 784 2286 numeretur
812 2244 857 2285 in
898 2244 1163 2299 paucissimis
1197 2242 1419 2284 deterioris
1462 2243 1554 2285 aevi
1601 2243 1705 2284 scri-

376 2325 597 2380 ptoribus,
636 2325 711 2380 qui
738 2325 936 2365 florentes
964 2323 1106 2364 literas
1139 2323 1322 2365 Graecas
1354 2322 1475 2364 nohis
1511 2322 1703 2377 proxime

375 2403 582 2455 referant,
621 2417 706 2445 non
745 2401 847 2444 item
894 2401 932 2444 ei
974 2400 1202 2459 contigisse
1236 2406 1440 2457 apparet,
1475 2406 1525 2442 ut
1559 2398 1706 2443 rhetor

419 2596 431 2613 ¹
461 2595 571 2635 Quom.
601 2595 682 2625 ltist.
707 2595 867 2624 conscrib.
894 2605 919 2623 c.
955 2593 1018 2632 38,
1049 2592 1108 2633 39,
1130 2592 1192 2632 42,
1210 2592 1231 2622 5
1248 2603 1256 2628 ;
1276 2593 1358 2622 conf.
1382 2592 1515 2621 ommino
1534 2591 1699 2621 Hermann.

373 2654 530 2685 Comment
548 2663 579 2691 p.
599 2649 684 2692 2110,
711 2649 796 2688 253,
822 2648 902 2684 256.

432 2728 444 2746 2
472 2727 579 2769 Quom.
598 2725 676 2759 Hist.
695 2726 851 2757 conscrib.
873 2737 898 2755 r.
920 2724 972 2757 34.
