2154 3500
1054 293 1102 312 ΠΙ

1061 305 1110 335 1¹}

408 428 501 479 post
531 421 776 466 Parthicum
802 421 966 465 bellum
991 433 1129 478 usque
1151 420 1197 464 in
1212 419 1480 465 occidentem
1498 429 1733 481 propagata

408 507 498 555 est,
521 500 613 556 jam
644 513 695 542 eo
725 506 919 558 tempore
949 498 1120 560 Syriam
1154 498 1574 558 invadere-coepisse
1599 500 1731 560 (conf.

407 579 639 620 normanni
668 578 766 620 adn.
805 578 859 620 ad
885 580 1040 633 Quom.
1066 580 1173 622 Hist.
1203 580 1376 623 Conscr.
1410 580 1441 623 l.
1472 579 1503 622 l.
1532 594 1578 635 p,
1613 577 1732 636 109).

405 655 586 702 Caussae
614 656 777 713 igitur,
802 664 933 712 puto,
963 658 1011 701 in
1033 665 1236 714 promptu
1262 665 1387 710 sunt,
1418 666 1595 714 propter
1629 672 1735 713 quas

410 747 458 776 eo
498 732 763 790 potissi-mum
803 741 997 793 tempore
1042 742 1205 794 patrem
1248 750 1348 781 eum
1386 735 1655 779 arcessivisse
1693 742 1737 779 et

408 824 554 852 secum
588 811 633 852 in
671 810 895 854 Graeciam
922 812 1088 856 duxisse
1118 828 1219 856 vero
1257 813 1396 856 simile
1424 813 1492 857 sit.
1539 813 1735 870 Denique

408 903 432 931 e
473 887 663 932 Somnio
701 876 1009 949 intelligimus,
1048 893 1286 936 Lucianum
1311 893 1492 950 patriam
1516 892 1736 945 revisisse,

407 975 638 1026 postquam
675 982 726 1010 ex
773 969 1026 1023 occidente,
1061 985 1216 1028 nempe
1261 987 1285 1014 e
1326 971 1466 1016 Gallia
1487 1004 1499 1024 ‚
1527 970 1735 1031 redierat,

406 1048 436 1089 i.
470 1063 509 1091 e.
539 1048 619 1089 sub
650 1047 1024 1105 quadragesimum
1039 1048 1188 1091 aetatis
1206 1063 1391 1102 annum;
1413 1048 1608 1093 Eruditio
1623 1049 1738 1093 enim

410 1141 449 1168 c.
471 1128 524 1168 15
539 1158 550 1177 ,
576 1140 654 1181 per
671 1133 930 1167 nocturnam
946 1126 1157 1169 visionem
1178 1127 1280 1169 inde
1307 1128 1362 1170 ab
1377 1127 1542 1170 oriente
1561 1127 1607 1169 in
1623 1127 1741 1169 occi-

406 1205 579 1248 dentem
632 1218 731 1247 eum
771 1205 1033 1260 deduxerat,
1078 1205 1232 1248 exinde
1272 1219 1311 1249 e.
1345 1207 1428 1258 16,
1461 1208 1737 1259 ἐπανήγαγεν

406 1280 540 1333 αὖθις
567 1283 622 1326 ad
648 1290 813 1340 patrem
841 1290 884 1327 et
914 1291 1221 1327 monstraverat
1252 1283 1391 1341 qualis
1427 1289 1734 1335 reverteretur-3

405 1378 447 1407 c.
488 1366 563 1416 18,
604 1370 749 1406 autem
783 1362 985 1407 admonet
1016 1363 1229 1406 Lucianus
1251 1362 1453 1419 juvenes,
1476 1370 1524 1405 ut
1553 1377 1607 1404 ne
1640 1364 1737 1419 quis

406 1456 557 1484 eorum
585 1442 640 1484 ob
669 1449 966 1497 paupertatem
991 1442 1132 1484 animo
1148 1441 1344 1493 deficiat,
1369 1440 1443 1483 sed
1461 1454 1586 1482 suum
1598 1454 1738 1482 exem-

408 1521 531 1575 plum
557 1520 783 1576 respiciat,
815 1523 980 1564 ἐννοῶν
1008 1518 1097 1569 οἶος
1123 1523 1203 1574 μὲν
1230 1519 1551 1568 (ὂν-παιδείας
1580 1522 1740 1563 ἐπεθύ-

408 1597 665 1654 μησα-οἷος
697 1598 742 1641 δε
779 1599 884 1653 πρὸς
917 1599 1027 1652 ὑμᾶς
1055 1596 1382 1652 ἐπανελήλυθα.

468 1676 556 1716 Nisi
581 1675 716 1731 igitur
744 1675 958 1717 Lucianus
981 1675 1076 1730 ipsa
1104 1675 1286 1716 florente
1316 1681 1479 1726 aetate,
1509 1688 1588 1729 per
1611 1686 1740 1729 quam

408 1753 593 1809 plurima
612 1752 703 1807 ejus
718 1753 876 1809 scripta
903 1743 1133 1795 ostendunt
1158 1767 1256 1795 eum
1281 1754 1541 1809 plerumque
1562 1750 1741 1793 Athenis

405 1832 451 1873 in
477 1830 564 1873 otio
590 1830 833 1874 consedisse
866 1831 998 1890 (conf.
1024 1837 1112 1873 not.
1133 1830 1187 1874 ad
1217 1830 1317 1874 diss.
1342 1837 1475 1874 nostr.
1508 1844 1552 1887 p.
1571 1831 1652 1881 53,
1680 1825 1741 1884 1),

404 1909 532 1964 plura
561 1909 715 1951 itinera
739 1909 890 1951 fecisse
916 1916 958 1951 et
976 1909 1128 1951 iterata
1145 1909 1239 1951 vice
1266 1910 1310 1950 in
1334 1909 1517 1964 patriam
1535 1909 1741 1965 migrasse

408 1987 699 2037 existimetur,
729 2002 864 2029 unum
892 1987 1095 2044 idemque
1127 1986 1375 2030 habendum
1420 1994 1484 2029 est
1516 1986 1626 2036 iter,
1655 1999 1743 2042 quo

407 2064 556 2120 paullo
571 2072 670 2106 ante
679 2065 749 2107 XL
762 2078 924 2106 annum
935 2065 1085 2107 aetatis
1097 2066 1277 2121 patriam
1288 2078 1407 2106 suam
1420 2063 1564 2106 invisit
1583 2062 1743 2121 (Somn.

409 2144 456 2185 ll.
480 2142 568 2199 ll.),
604 2151 646 2185 et
672 2143 848 2201 quidem
884 2143 963 2184 sub
997 2143 1157 2183 exitum
1187 2141 1378 2183 Parthici
1405 2140 1510 2183 belli
1526 2155 1564 2182 a.
1581 2138 1743 2182 CLXIV

412 2223 585 2280 (Quom.
610 2222 718 2265 Hist.
747 2223 919 2265 Conscr.
955 2217 1102 2276 ll.ll.)‚
1133 2218 1261 2261 rediit
1287 2225 1430 2261 autem
1447 2217 1602 2259 comite
1622 2223 1744 2272 patre

412 2299 657 2358 (Alexandr.
704 2298 749 2343 ll.
793 2297 861 2355 ll.)
878 2332 889 2350 ,
929 2305 971 2340 et
1017 2296 1062 2339 in
1096 2296 1320 2340 Graeciam
1368 2295 1501 2338 redux
1547 2295 1629 2336 fuit
1674 2293 1750 2353 (de,

406 2378 539 2419 Morte
581 2378 758 2435 Peregr.
804 2376 851 2419 ll.
894 2375 962 2432 ll.)
1008 2375 1075 2417 Ol.
1120 2374 1392 2425 CCXXXVI,
1427 2375 1475 2426 1,
1511 2388 1550 2415 a.
1586 2386 1629 2428 p.
1663 2369 1748 2415 Chr

406 2457 562 2501 CLXV.
598 2458 631 2499 E
661 2456 822 2514 quihus
853 2455 1020 2497 collatis
1042 2453 1149 2496 locis
1168 2453 1449 2509 probabiliter
1469 2450 1746 2494 constituitur

405 2549 543 2576 annus
571 2534 749 2576 Luciani
777 2533 957 2585 natalis,
986 2546 1025 2576 a.
1056 2546 1100 2589 p.
1127 2529 1225 2575 Chr.
1259 2530 1422 2574 CXXV.

467 2692 547 2735 Ad
556 2708 670 2751 pag.
695 2692 899 2735 Dissert.
921 2692 979 2734 43
993 2724 1004 2743 ‚
1022 2692 1064 2734 2.
1082 2689 1193 2735 Vide
1207 2704 1302 2733 eam
1325 2689 1569 2746 opinionem
1591 2688 1744 2745 passim

405 2772 519 2825 apud
546 2773 591 2813 C.
618 2774 672 2814 G.
704 2772 934 2822 Jacobum,
962 2770 1007 2810 in
1028 2768 1222 2811 Charact.
1255 2768 1328 2810 des
1352 2768 1559 2818 Luciam,
1595 2767 1636 2808 S.
1667 2768 1746 2807 31:
