2154 3500
1063 301 1116 341 42

427 429 621 474 charside
651 429 905 486 explicatur,
939 428 1078 488 qualis
1109 429 1250 473 fuerat
1281 430 1498 487 quondam
1535 433 1755 490 pertinue-

425 515 602 565 ratque‚
636 516 683 551 ut
720 507 938 564 pertinere
965 502 1094 550 unice
1131 508 1293 564 potuit,
1329 508 1383 551 ad
1409 512 1757 555 constitutionem

422 588 585 629 liberae
623 587 830 640 civitatis,
863 601 975 643 quae
1010 588 1129 628 cives
1170 587 1252 629 sibi
1289 587 1459 629 volebat
1502 603 1589 632 non
1627 591 1754 633 modo

425 666 558 709 bonos
588 665 732 708 animo
769 663 843 707 sed
881 679 1061 722 corpore
1105 664 1233 709 etiam
1275 664 1436 709 validos
1461 677 1501 719 ι,
1534 674 1583 710 ut
1617 677 1754 713 essent

419 743 617 800 φύλακες
652 744 821 797 ἀγαθοὶ
859 748 934 800 τῆς
969 742 1132 794 πόλεως
1160 752 1193 786 ².
1224 742 1287 786 De
1322 756 1413 801 quo
1444 743 1623 801 politico
1651 760 1753 791 con-

420 822 517 865 silio
549 822 785 865 identidem
802 822 932 866 Solon
957 821 1219 865 Anacharsin
1238 822 1377 864 docet.
1414 837 1437 865 «
1452 822 1683 876 Videris‚»
1709 825 1754 867 in

423 901 544 955 quit,
580 899 885 950 «Anacharsi‚
930 899 1121 942 nondum
1149 898 1388 955 quidquam
1421 899 1475 943 de
1501 908 1630 943 recta
1661 904 1757 944 rei-

425 992 447 1019 «
459 976 675 1035 publicae
685 975 910 1036 gerendae
924 978 1102 1020 ratione
1130 976 1366 1036 cogitasse,
1396 990 1477 1019 nec
1504 976 1618 1019 enim
1657 978 1757 1035 pul-

424 1071 447 1096 «
464 1054 676 1098 cherrima
691 1055 885 1097 instituta
902 1053 1253 1109 reprehendenda
1266 1054 1516 1097 duceres.-—
1529 1055 1600 1096 Uti
1614 1063 1757 1097 autem

426 1149 448 1173 «
465 1131 602 1175 discas
617 1166 629 1181 ,
664 1130 788 1187 cujus
816 1130 879 1174 rei
901 1130 1040 1188 gratia
1064 1129 1140 1174 has
1178 1129 1502 1174 exercitationes
1525 1130 1756 1187 juvenibus

424 1227 445 1252 «
459 1209 834 1267 proposuerimus:
860 1223 1014 1266 nempe
1030 1224 1116 1251 non
1132 1216 1309 1266 propter
1332 1210 1568 1252 certamina
1592 1210 1753 1262 solum,

422 1295 511 1332 «ut
530 1288 700 1331 auferre
734 1285 898 1343 possint
925 1287 1142 1343 praemia:
1188 1286 1242 1329 ad
1269 1286 1345 1330 illa
1371 1287 1486 1329 enim
1523 1288 1653 1344 pauci
1680 1287 1756 1330 ad—

421 1367 636 1409 «modum
664 1382 713 1408 ex
739 1364 937 1407 omnibus
971 1364 1255 1420 perveniunt:
1283 1364 1358 1407 sed
1388 1363 1525 1420 majus
1550 1364 1757 1422 quiddam

424 1445 554 1487 «toti
582 1445 769 1486 civitati
800 1459 846 1486 ex
885 1457 935 1485 ea
956 1458 1003 1485 re
1031 1443 1214 1495 bonum,
1247 1451 1378 1499 atque
1402 1443 1506 1499 ipsis
1528 1443 1634 1487 adeo
1661 1458 1760 1487 con-

422 1540 446 1564 «
464 1524 682 1575 citiamus3
700 1526 843 1571 κοινὸς
859 1528 940 1580 γάρ
955 1540 1020 1571 τις
1034 1523 1154 1575 ἀγὼν
1171 1522 1305 1572 ἄλλος
1318 1525 1454 1566 ἅπασι
1467 1529 1555 1572 τοῖς
1570 1525 1756 1576 ἀγαθοῖς

425 1602 662 1652 «πολίταις
691 1606 914 1659 πρόκειται
930 1636 941 1655 ,
965 1615 1195 1644 commune
1212 1601 1338 1644 enim
1362 1600 1588 1660 quoddam
1610 1609 1757 1646 certa-

423 1694 561 1721 «men
594 1679 733 1719 aliud
760 1679 890 1720 bonis
916 1678 1125 1720 omnihus
1149 1679 1327 1721 civibus
1339 1681 1636 1736 propositum
1667 1689 1755 1732 est,

422 1766 503 1800 «et
531 1773 685 1799 corona
725 1773 811 1799 non
848 1773 897 1799 ex
936 1758 1070 1812 pinu,
1104 1771 1247 1812 neque
1270 1758 1388 1809 olea,
1417 1766 1492 1800 aut
1514 1758 1613 1812 apio
1634 1792 1645 1809 ,
1677 1758 1750 1801 sed

421 1849 573 1892 «quae
600 1832 821 1877 hominum
851 1832 895 1877 in
928 1848 971 1877 se
1005 1832 1257 1877 felicitatem
1287 1833 1623 1890 complectatur,
1655 1832 1750 1880 οἷον

421 1912 715 1968 «ἐλευθερίαν
739 1912 852 1965 λέγω
876 1914 1008 1956 αὐτοῦ
1033 1929 1078 1955 τε
1104 1916 1286 1956 ἑκάστου
1311 1912 1402 1968 ῖδὶᾳ
1425 1916 1499 1956 καὶ
1528 1920 1655 1971 κοινῇ
1676 1921 1751 1969 τῆς

421 1992 670 2047 «πατρίδος
720 1990 984 2032 libertatem
1018 1992 1253 2047 privatim
1290 1992 1670 2050 uniuscujusque,
1705 2000 1751 2034 et

422 2071 773 2114 «communiter
799 2069 1016 2127 patriae,
1050 2077 1092 2112 et
1117 2068 1284 2112 divitias
1315 2077 1356 2113 et
1378 2070 1558 2128 gloriam
1589 2079 1633 2115 et
1653 2072 1754 2115 feri-

422 2161 582 2189 «arum
610 2147 846 2203 patriarum
873 2148 1063 2189 fructum
1090 2154 1131 2189 et
1154 2147 1501 2204 propinquorum
1530 2148 1710 2191 salutem
1736 2151 1750 2172 ³

424 2233 504 2268 «et
540 2226 585 2267 in
622 2226 870 2268 universum
903 2224 1197 2280 pulcherrima
1235 2225 1435 2283 quaevis,
1467 2240 1579 2282 quae
1612 2241 1635 2267 a
1671 2226 1752 2269 diis

424 2304 541 2345 «sibi
574 2304 826 2360 contingere
857 2303 1014 2360 aliquis
1046 2303 1255 2358 optaverit
1285 2306 1315 2346 ⁴.
1334 2319 1357 2345 »

463 2478 475 2501 ¹
503 2478 622 2510 Anach.
647 2489 676 2510 e.
694 2476 750 2510 20.
776 2476 869 2515 ὅπως
893 2476 928 2509 οἷ
952 2476 1099 2511 πολῖται
1119 2476 1259 2521 ἀγαθοὶ
1277 2475 1341 2518 μὲν
1369 2475 1434 2514 τὰς
1459 2476 1593 2522 ψυχάς,
1615 2477 1755 2523 ἰσχυροὶ

421 2533 462 2565 δὲ
484 2535 532 2566 τὰ
555 2533 708 2573 σώματα
730 2534 921 2575 γίγνοιντο.

468 2598 483 2622 2
510 2597 631 2629 Anach.
647 2610 674 2629 c.
698 2596 752 2629 30.

464 2663 478 2685 3
503 2665 603 2696 Aliter
625 2664 717 2694 vertit
742 2665 916 2695 Gesnerus:
945 2664 999 2694 rei
1015 2663 1226 2702 familiaris
1254 2663 1569 2703 conservationem,
1592 2669 1752 2703 utrumque

424 2732 545 2752 sensum
570 2719 758 2752 wielandus
775 2719 936 2760 complecti
957 2721 1098 2751 conatur.
1127 2718 1198 2752 Vid.
1217 2718 1251 2751 T.
1275 2718 1319 2751 lv
1337 2742 1345 2761 ,
1370 2729 1398 2760 p.
1419 2717 1495 2751 337.

470 2785 487 2804 ⁴
515 2784 634 2815 Anach.
652 2795 677 2815 c.
700 2782 760 2822 14,
783 2782 836 2816 15.
