2154 3500
1087 300 1142 340 68

456 432 523 471 nia
547 437 800 471 notaverunt
831 444 841 464 ι
860 461 870 479 ,
906 429 1171 471 incredibilis
1200 428 1436 470 rhetoricae
1466 431 1567 471 artis
1599 430 1780 470 inanitas

451 514 493 549 et
534 507 704 550 fallacia
741 521 828 549 non
863 507 1024 562 potuit,
1055 521 1104 549 ex
1135 520 1220 563 quo
1248 505 1377 548 semel
1413 520 1437 547 a
1470 506 1657 550 Luciano
1686 520 1780 561 per-

450 592 593 642 specta
623 585 762 627 fuerat
778 618 789 637 ‚
819 598 907 627 non
937 584 982 627 in
1007 584 1155 642 primis
1183 582 1240 626 eo'
1254 582 1392 626 valere
1408 615 1420 634 ,
1436 590 1485 625 ut
1498 585 1635 643 magis
1654 584 1779 626 etiam

449 665 591 715 fieret,
625 664 742 721 quod
786 672 932 720 postea
974 664 1028 706 de
1066 677 1110 705 se
1141 665 1233 718 ipse
1272 663 1486 719 professus
1525 672 1616 715 est,
1651 680 1780 719 μισα-

448 742 595 793 nacon
634 745 707 785 καὶ
744 732 949 799 μισογόης
987 744 1060 785 καὶ
1094 741 1358 797 μισοψευδὴς
1395 743 1469 801 “orl
1490 745 1724 796 μισότυφος
1745 752 1776 783 ².

448 821 593 877 Quum
629 820 763 879 igitur
805 821 862 865 ad
901 820 1062 880 ingenii
1089 819 1376 864 maturitatem
1400 818 1662 877 pervenisset
1677 817 1709 871 ⁸,
1734 828 1776 861 et-

449 913 591 942 veram
631 899 849 942 scribendi
884 899 1104 942 materiem
1146 899 1227 941 sibi
1256 898 1506 941 sumendam
1540 912 1630 940 esse
1662 906 1778 940 ratus

450 986 533 1031 est,
565 985 607 1021 et
635 979 815 1022 formam
841 978 896 1021 ad
921 992 1068 1021 verum
1090 976 1385 1035 adaequatam.
1419 978 1474 1021 Ut
1493 984 1636 1020 autem
1654 992 1777 1019 seve-

450 1057 538 1099 rius
566 1057 621 1099 ab
645 1058 738 1113 ipso
760 1057 1003 1100 institutum
1031 1055 1271 1099 rhetoricae
1307 1055 1562 1112 disciplinae
1589 1055 1777 1098 studium

448 1134 502 1179 ad
531 1134 762 1192 antiquum
793 1134 1016 1178 literarum
1058 1134 1223 1177 cultum
1253 1134 1619 1188 conformaverat,
1651 1136 1774 1179 ἐπαί-

449 1213 569 1256 δευσε
608 1215 683 1255 καὶ
723 1215 766 1261 ἐς
799 1214 900 1261 τούς
937 1211 1164 1268 εἘ’λληνοις
1191 1211 1458 1269 ἒνέγραψε“;
1488 1213 1548 1256 ita
1580 1214 1670 1269 ipsa
1707 1228 1774 1255 so-

448 1288 628 1347 phistica
647 1289 854 1347 professio
867 1323 878 1343 ,
903 1289 957 1333 ad
982 1303 1111 1347 quam
1128 1289 1410 1334 exercendam
1425 1291 1561 1335 varias
1578 1291 1777 1350 regiones

448 1368 634 1421 adierat,
660 1366 972 1426 hominumque
978 1367 1148 1424 judicia
1163 1382 1213 1412 ac
1227 1368 1367 1413 studia
1388 1369 1771 1429 diligenteratten-

451 1446 552 1489 dere
582 1453 757 1488 coactus
785 1446 950 1495 fuerat,
980 1459 1079 1487 eum
1106 1445 1311 1489 eduxerat
1340 1446 1393 1488 ad
1425 1459 1518 1489 eam
1552 1446 1773 1489 hominum

454 1532 496 1566 et
519 1538 665 1566 rerum
691 1523 981 1578 cognitionem
999 1555 1010 1572 ‚
1042 1521 1096 1565 ad
1123 1536 1242 1574 eam,
1274 1537 1404 1581 quam
1427 1522 1472 1566 in
1499 1523 1591 1579 ejus
1607 1525 1778 1580 scriptis·

450 1602 650 1661 aequales
682 1600 938 1651 laudarunt,
971 1600 1196 1657 ἐμπειρίαν
1232 1603 1321 1646 τῶν
1356 1607 1654 1659 πραγμάτων5
1675 1636 1686 1654 ,
1732 1604 1774 1644 in

448 1695 533 1737 qua
583 1686 673 1720 tum
730 1677 906 1734 proprio
948 1688 1024 1719 suo
1056 1677 1231 1735 ingenio
1252 1711 1263 1731 ,
1313 1685 1403 1720 tum
1448 1680 1618 1723 saeculo
1642 1713 1653 1732 ,
1688 1695 1774 1738 quo

445 1756 633 1807 vivebat,
670 1768 766 1797 vere
803 1754 1165 1797 accommodatam
1194 1755 1410 1800 scribendi
1442 1756 1664 1799 materiem
1701 1758 1775 1797 in-

447 1833 621 1876 veniret.

491 1980 503 2002 ²
530 1981 618 2016 conf.
639 1982 799 2017 Plutarch.
819 1985 856 2016 de
879 1985 975 2016 audit.
997 1986 1045 2016 ed.
1068 1986 1091 2018 l.
1115 1985 1148 2016 Τ.
1171 1986 1236 2026 VI,
1253 1997 1282 2025 p.
1304 1985 1382 2023 149ς
1399 1994 1482 2018 auct.
1499 1987 1554 2021 lib.
1566 1988 1605 2018 de
1616 1987 1774 2017 lib-edne..

445 2035 479 2065 T.
498 2035 563 2077 Vl,
584 2047 615 2076 p.
636 2035 696 2073 18;
720 2044 801 2069 auct.
823 2039 900 2071 dial.
918 2040 955 2071 de
975 2039 1075 2075 Oratt,
1098 2052 1125 2073 e.
1142 2039 1182 2072 31
1198 2051 1207 2077 ;
1223 2041 1353 2085 petron.
1374 2042 1444 2074 init.
1466 2042 1616 2084 Satyric.;
1637 2043 1767 2084 Quintit.

448 2092 525 2122 lnst·
559 2092 646 2127 Orat.
669 2094 692 2124 l.
713 2093 745 2124 11
759 2117 768 2132 ,
791 2106 819 2128 c.
839 2093 899 2136 20,
917 2095 943 2137 §.
968 2094 998 2129 3.

494 2150 511 2171 2
536 2148 649 2183 piscat.
674 2161 702 2184 c.
724 2147 779 2182 20.

496 2206 511 2226 ³
538 2203 630 2234 Valet
648 2204 685 2234 de
703 2204 777 2235 Luc.
794 2207 876 2245 quod
891 2207 928 2236 de
947 2206 1046 2237 Dione
1061 2207 1168 2248 Syues.
1189 2209 1238 2238 ed.
1257 2209 1279 2238 1.
1296 2219 1326 2248 p.
1341 2208 1400 2248 14,
1413 2206 1557 2252 ὥσπερ-
1571 2207 1777 2250 &terrai-oq«.-

447 2257 511 2299 ὀψὲ
530 2261 595 2303 τῆς
612 2259 746 2299 φύσεως
768 2261 811 2294 τὸ
838 2262 968 2296 οἶκεῒον
988 2261 1108 2308 ἔργον,
1123 2263 1164 2296 οὐ
1178 2264 1270 2297 κατὰ
1280 2263 1422 2310 μικρὸν,
1445 2259 1523 2297 ἀλλ’
1546 2262 1637 2303 ὅλοις
1652 2263 1776 2299 ἱστίοις

446 2315 640 2359 ἀπηνέγθη
664 2318 728 2359 τῆς
746 2320 946 2360 σοφιστικῆς
964 2320 1201 2365 προαιρέσεως.

492 2368 510 2392 4
535 2372 587 2403 Bis
607 2371 682 2404 Aee.
702 2384 730 2404 e.
752 2372 805 2405 30.

492 2423 509 2447 ⁵
543 2427 602 2460 Pro
622 2427 752 2465 Merced.
777 2428 872 2464 cond.
891 2442 916 2463 c.
938 2430 967 2464 3.
