2154 3500
1029 245 1094 286 55*

407 376 582 418 loricam
611 372 808 428 reliquit,
838 379 885 414 ut
904 379 1082 427 apparet
1109 387 1155 413 ex
1177 370 1293 414 hisee
1314 369 1449 412 verbis
1473 370 1552 413 sub
1576 370 1725 412 finem.

405 452 489 507 ἐγὼ
536 450 844 508 δὲ’-παύσομαι
894 454 948 508 τῇ
997 452 1199 507 ῥητορικῇ
1237 446 1729 505 ἐπιπολάζων-μᾶλλον

404 532 450 574 δὲ
476 530 560 585 ἤδη
585 530 811 585 πέπαυμαι
837 531 864 571 ¹.
1196 584 1198 587 Ι

462 608 643 650 Simulat
687 608 822 666 igitur
850 606 1088 657 Luci-anus,
1128 606 1353 663 consilium
1379 621 1422 648 se
1455 605 1556 649 dare
1585 605 1730 648 adole-

404 688 541 730 scenti
570 687 624 730 de
655 688 814 743 optima
843 686 1031 737 ratione,
1066 700 1150 742 qua
1177 684 1249 728 hic
1282 685 1461 729 rhetoris
1494 685 1641 728 sibiet
1667 700 1733 727 so-

404 764 571 822 phistae
599 780 755 809 nomen
794 771 1118 821 comparaturus
1156 770 1276 806 esset.
1322 764 1486 808 Cebetis
1523 764 1732 807 Socratici

404 840 567 888 instar²
613 828 845 903 imaginem
874 843 1039 900 effingit
1056 875 1066 895 ‚
1104 856 1215 899 quae
1255 842 1359 884 duas
1397 841 1579 885 ostendit
1617 842 1704 884 vias
1722 874 1732 892 ‚

405 931 631 979 utramque
676 923 731 966 ad
775 922 1034 965 rhetoricam
1072 915 1317 964 ducentem.
1370 921 1564 974 Quarum
1602 920 1735 962 altera

404 1003 536 1059 longa
574 1010 637 1043 est
666 1010 707 1043 et
740 1002 874 1043 ardua
908 1010 949 1042 et
981 1001 1109 1056 plena
1142 999 1334 1051 sudoris,
1370 999 1520 1040 similis
1556 984 1737 1040 maxime

1233 1076 1248 1097 ³
1261 1093 1272 1129 ;
1303 1077 1436 1119 altera
1459 1084 1608 1119 contra
1629 1076 1735 1117 nihil

403 1077 547 1130 illius,
572 1092 703 1135 quam
729 1078 967 1136 designavit
996 1077 1204 1120 Hesiodus

406 1155 646 1212 quidquam
685 1163 845 1211 potest'
858 1154 1095 1210 jucundius
1138 1155 1319 1212 cogitari
1352 1162 1427 1198 aut
1455 1154 1590 1211 magis
1617 1168 1731 1196 com-

402 1235 655 1292 pendiosum
681 1238 711 1278 ⁴.
744 1234 959 1290 Hujusce,
993 1248 1147 1291 nempe
1177 1235 1306 1278 unice
1337 1234 1598 1291 expetendae
1614 1234 1706 1277 viae
1722 1270 1732 1287 ‚

405 1322 497 1357 tum
523 1313 648 1356 multi
673 1313 747 1355 alii
768 1312 898 1356 duces
928 1321 1050 1370 sunt,
1075 1321 1166 1356 tum
1195 1313 1423 1372 magnifica
1442 1313 1491 1356 fit
1513 1325 1736 1356 commen-

406 1390 523 1434 datio
539 1405 563 1434 a
578 1390 763 1447 quodam
789 1404 925 1446 paene
950 1390 1094 1432 divino
1116 1390 1311 1443 homine,
1332 1391 1407 1447 qui
1432 1404 1536 1446 prae
1557 1391 1735 1432 caeteris

407 1469 581 1526 egregie
612 1468 659 1509 in
687 1482 737 1511 ea
770 1476 953 1510 versatus
984 1476 1046 1510 est
1073 1468 1103 1510 ⁵.
1142 1470 1375 1523 Praecepta
1393 1502 1403 1520 ,
1433 1482 1544 1524 quae
1576 1469 1630 1511 ab
1658 1469 1733 1510 illo

407 1547 606 1589 feruntur
631 1544 719 1589 huc
748 1547 928 1590 maxime
954 1546 1149 1589 redeunt.

455 1694 468 1713 ¹
495 1696 587 1730 Rhet.
609 1697 713 1729 Praeo.
730 1708 758 1728 c.
774 1696 832 1738 26,
848 1699 891 1728 ita
907 1699 972 1739 jam
991 1698 1135 1739 Solanus,
1153 1698 1206 1730 ad.
1224 1698 1245 1728 l.
1258 1703 1288 1728 et
1304 1697 1457 1738 Rnnkius,
1477 1698 1591 1729 Pollux
1608 1704 1639 1728 et
1657 1698 1733 1729 Luc.

409 1765 437 1791 p.
448 1750 501 1782 26:
525 1764 542 1784 α
555 1753 699 1791 scriptum
717 1764 781 1784 esse
800 1763 901 1793 quum
919 1752 1247 1793 quadrayintafere
1267 1763 1376 1784 annos
1393 1757 1498 1784 natus
1510 1756 1604 1784 esset
1612 1764 1643 1790 »ς
1663 1764 1737 1784 con-

403 1808 505 1840 ciliari
521 1814 623 1839 tamen
643 1820 711 1840 cum
728 1809 761 1839 h.
783 1809 935 1841 sententia
954 1819 1017 1840 non
1035 1809 1132 1849 possit
1148 1809 1246 1840 altera
1263 1808 1365 1840 Rank.
1388 1809 1465 1841 ibid.
1484 1820 1515 1848 p.
1532 1807 1594 1840 36:
1607 1809 1735 1840 «Scri‘

405 1868 504 1906 ptum
521 1873 597 1895 esse
614 1863 791 1895 Commodo
810 1868 989 1905 regnante,
1003 1870 1163 1905 postquam
1172 1871 1312 1906 suggestu
1322 1864 1473 1896 rhetorico
1482 1865 1597 1895 Pollux
1606 1871 1733 1895 ornatus

403 1926 483 1956 esset
494 1930 510 1950 ι»
524 1943 534 1960 ,
556 1920 628 1960 quia
639 1920 682 1950 ita
691 1920 813 1960 quidem
834 1920 987 1951 Lucianus
1004 1927 1095 1951 natus
1110 1926 1189 1951 esset
1204 1927 1272 1960 post
1289 1931 1403 1951 annum
1421 1919 1487 1952 140
1502 1931 1532 1959 p.
1550 1920 1622 1951 Chr.
1643 1927 1733 1960 atque

404 1982 513 2018 quater
532 1975 699 2017 Olympicis
715 1976 797 2007 ludis
821 1976 1008 2008 interfuisset
1032 1982 1064 2007 et
1090 1976 1204 2007 librum
1220 1976 1257 2007 de
1277 1976 1357 2008 Hist.
1378 1976 1537 2008 Conserib.
1551 1977 1728 2016 scripsisset,

404 2039 567 2072 antequam
595 2044 711 2062 annum
731 2033 840 2063 aetatis
857 2033 998 2072 quintum
1014 2039 1044 2063 et
1059 2033 1237 2064 vicesimum
1253 2033 1445 2072 explevisset.
1467 2032 1615 2063 Nimirum
1624 2039 1728 2063 notum

407 2093 454 2119 est
467 2110 476 2128 ‚
498 2087 570 2117 Luc.
591 2087 624 2116 in
640 2087 721 2117 libro
739 2087 775 2117 de
796 2087 887 2117 Mort.
899 2088 1019 2128 Peregr.
1036 2086 1140 2128 c.·35,
1159 2088 1320 2119 tradidisse
1345 2094 1455 2128 quarto
1473 2093 1538 2118 tum
1564 2097 1597 2117 se
1621 2087 1731 2118 vidisse

409 2143 533 2184 Olymp.
555 2153 649 2182 quum
669 2143 889 2183 Peregrinusse
906 2144 939 2174 in
957 2154 1063 2184 rogum
1076 2144 1235 2184 dejiceret3
1255 2144 1287 2174 id
1302 2144 1385 2184 quod
1401 2144 1563 2183 Eusebius,
1574 2143 1607 2173 in
1619 2144 1730 2175 chron.

406 2199 527 2229 notavit
548 2199 589 2229 ad
614 2198 737 2239 Olymp.
761 2196 828 2229 236
854 2210 872 2230 a
897 2199 914 2230 l
928 2222 936 2237 ‚
968 2211 997 2240 p.
1017 2199 1089 2230 Chr.
1118 2211 1145 2230 a.
1174 2200 1248 2231 Eus.
1269 2199 1353 2237 166,
1380 2200 1445 2230 sive
1471 2201 1626 2241 vulgarem
1649 2199 1731 2238 165,

406 2255 504 2296 (conf.
530 2254 652 2295 Scalig,
677 2255 830 2287 animadv.
858 2256 897 2287 ad
919 2256 1097 2298 Hieronymi
1122 2267 1202 2289 vers.
1232 2257 1297 2288 Lat.
1318 2268 1347 2297 p.
1370 2255 1464 2300 202.)
1484 2257 1606 2288 Librum
1625 2264 1724 2288 autem

405 2310 444 2340 de
463 2309 542 2341 Hist.
574 2309 698 2340 Conscr.
723 2310 843 2350 scripsit
869 2313 926 2342 sub
953 2313 1067 2343 exitum
1093 2313 1172 2343 belli
1198 2313 1353 2354 Parthici,
1375 2313 1396 2343 i.
1419 2324 1448 2347 e.
1470 2313 1542 2343 circ.
1561 2325 1590 2342 a.
1615 2311 1680 2343 165
1699 2325 1728 2352 p.

408 2367 480 2400 Chr.
500 2367 588 2398 conf.
602 2378 629 2398 c.
648 2365 710 2405 30,
733 2365 792 2406 31,
812 2373 841 2398 et
860 2367 929 2399 Car.
950 2368 1036 2402 Fred.
1060 2369 1227 2400 Hermann.
1246 2369 1279 2400 in
1305 2370 1398 2409 praef.
1419 2369 1457 2399 ad
1479 2368 1589 2409 singul.
1608 2368 1641 2399 li.
1661 2370 1734 2400 libri

411 2422 493 2453 Edit.
518 2419 623 2461 1828,
656 2432 686 2461 p.
714 2422 814 2460 XIII,
837 2423 1091 2455 XVIL—Prior
1119 2431 1218 2455 antem
1241 2425 1389 2455 sententia
1412 2430 1531 2462 propter
1551 2423 1646 2461 ipsius
1663 2425 1733 2454 Luc.

407 2479 500 2509 verba
518 2479 634 2510 tuenda
654 2479 785 2509 videtur.

455 2539 470 2558 ³
496 2539 558 2573 Rh.
583 2540 634 2573 Pr.
659 2552 687 2573 e.
712 2540 744 2574 6.

431 2604 690 2640 ‘³1b1a.c.3.
719 2607 815 2646 7,8.

453 2663 471 2687 ⁴
495 2669 574 2701 lbia.

454 2732 466 2752 ⁵
492 2733 571 2766 Ibid.
595 2745 621 2763 c.
650 2734 701 2763 ll.
