2154 3500
1057 228 1105 267 17

425 359 471 403 in
502 357 641 402 Gallia
676 362 818 398 autem
853 360 941 403 τοῖς
978 352 1314 409 μεγαλομίσθοις
1351 356 1438 397 τῶν
1467 358 1680 409 σοφιστῶν
1709 373 1751 399 se

423 438 749 480 adnumeratum
772 434 897 475 fuisse
929 432 1109 474 affirmat
1132 432 1177 472 in
1198 432 1429 489 Apologia
1456 432 1512 474 de
1545 433 1751 477 Mercede

425 513 670 559 Conductis
699 522 728 555 ¹.
766 563 769 566 ⁴
802 540 825 557 ·.

466 590 545 635 Ubi
562 589 675 645 vero,
690 590 837 647 paullo
850 589 1029 631 inferius
1039 588 1084 629 in
1092 585 1183 628 Bis
1192 586 1428 641 Accusata,
1445 590 1537 645 ipse
1547 590 1747 635 adversus

423 670 694 745 Rhetoricam
726 681 915 710 caussam
945 682 1063 709 suam
1093 667 1222 718 dicit,
1253 670 1298 711 in
1320 668 1545 712 rhetoricis
1572 669 1743 719 officiis,

422 763 534 806 quae
563 726 927 806 quadragenarius
957 747 1216 803 reliquerat,
1246 748 1375 802 etiam
1399 747 1578 790 strictim
1602 748 1749 790 foren-

421 841 486 869 ses
514 826 700 870 actiones
732 831 963 868 memorat:
997 824 1169 877 καλῶς,
1207 824 1372 881 inquit,
1402 823 1490 882 εἶχέ
1517 843 1591 879 μοι
1617 827 1745 882 ἀνδρὶ

421 907 503 962 ἤδη
538 910 855 961 τετταράκοντα
890 908 965 961 ἔτη
1000 904 1152 962 σχεδὸν
1194 907 1392 957 γεγονότι
1429 906 1630 962 θορύβων
1662 909 1743 960 μὲν

420 985 597 1027 ἐκείνων
625 986 698 1026 καὶ
727 984 861 1027 δικῶν
891 982 1180 1039 ἀπηλλάχθαι
1216 986 1290 1025 καὶ
1322 986 1421 1030 τούς
1451 983 1617 1041 ἄνδρας
1646 988 1744 1032 τούς

418 1064 625 1110 δικαστὰς
662 1065 858 1118 ἀτρεμεῖν
901 1066 978 1104 ἐᾶν
1021 1063 1053 1102 ².
1102 1060 1243 1115 Atque
1274 1061 1320 1103 in
1354 1060 1520 1104 comico
1554 1060 1743 1106 dramate

419 1139 683 1182 Piscatori-s·
700 1139 993 1182 reviviscentes
1011 1136 1253 1194 philosophi
1275 1152 1374 1181 eum
1403 1153 1489 1182 non
1512 1138 1741 1195 sophistam

419 1216 680 1274 potissimum
701 1216 773 1258 sed
801 1215 1082 1258 caussidicum
1113 1214 1246 1257 videri
1276 1215 1447 1258 volunt:
1481 1220 1638 1274 ῥήτορα
1665 1222 1738 1261 καὶ

416 1295 643 1338 δικανικόν
690 1295 933 1349 appellant,
977 1294 1080 1349 qui,
1120 1294 1278 1335 relictis
1311 1292 1518 1348 judiciis,
1563 1295 1738 1339 dicendi

414 1389 535 1417 suam
551 1375 797 1416 facultatem
813 1381 855 1415 et
878 1371 1187 1415 vehementiam
1208 1373 1253 1415 in
1274 1372 1387 1428 ipsos
1417 1375 1693 1419 convertisset
1707 1382 1737 1419 ⁸.

474 1453 532 1494 Ex
562 1451 726 1494 collatis
758 1451 890 1508 igitur
913 1449 1003 1492 Bia
1027 1451 1249 1492 Accusata·
1281 1458 1322 1492 et
1345 1450 1608 1494 Piscatori-r
1634 1452 1739 1495 locis

416 1528 609 1570 videmur
666 1526 787 1570 nohis
845 1534 961 1569 recte
1015 1533 1225 1579 statuere,
1297 1527 1557 1580 Lucianum,
1615 1538 1741 1573 ante-

414 1621 544 1663 quam
585 1605 639 1648 ad
670 1606 892 1662 proprium
924 1606 1144 1647 literarum
1179 1620 1313 1661 genus
1352 1607 1619 1659 accessisset,
1652 1616 1738 1652 tam

414 1683 624 1740 sophistae
645 1697 773 1739 quam
798 1683 974 1725 forensis
990 1682 1166 1725 oratoris
1195 1681 1333 1725 officia
1359 1684 1609 1728 exercuisse.
1643 1686 1737 1729 Non

413 1774 503 1804 esse
532 1766 673 1803 autem
701 1759 747 1801 in
783 1758 891 1810 hoc,
932 1759 1048 1816 quod
1083 1773 1109 1798 a
1141 1760 1453 1801 consuetudine
1491 1761 1608 1802 illius
1642 1765 1736 1805 aevi

415 1838 608 1889 recedat,
642 1854 664 1880 e
698 1853 827 1893 supra
852 1838 1003 1879 notatis
1028 1845 1206 1892 apparet
1234 1837 1264 1880 ⁴.
1314 1839 1457 1891 Quum
1493 1854 1590 1882 vero
1618 1838 1734 1883 haud

411 1916 538 1959 facile
570 1929 671 1958 casu
703 1922 745 1957 et
771 1914 880 1957 forte
909 1913 1138 1967 acciderit,
1173 1920 1220 1955 ut
1244 1913 1290 1956 in
1321 1914 1455 1957 altero
1486 1915 1583 1958 loco
1611 1916 1734 1959 scho-

412 1997 581 2046 lastica,
608 1994 653 2035 in
680 1993 814 2035 altero
834 1992 1018 2034 forensia
1034 2007 1211 2036 munera
1230 1992 1496 2049 potissimum
1522 1994 1734 2053 significa-

413 2081 576 2124 rentur,
609 2071 701 2126 ejus
730 2070 791 2112 rei
812 2083 1002 2112 caussam
1029 2069 1277 2124 hujusmodi
1301 2085 1392 2113 esse
1416 2072 1613 2116 arbitror.
1650 2074 1734 2116 Lu-

410 2153 558 2195 cianus
573 2150 651 2193 etsi
665 2155 841 2192 testatur
860 2163 903 2191 se
915 2155 1082 2191 mature
1105 2162 1308 2204 prospero
1325 2162 1521 2193 successu
1544 2151 1734 2209 gavisum

410 2228 561 2276 fuisse.
612 2227 658 2269 in
699 2226 844 2277 tanta,
890 2232 1049 2282 quanta
1085 2225 1131 2266 in
1162 2226 1282 2268 Ionia
1321 2234 1363 2268 et
1402 2227 1582 2269 Graecia
1619 2238 1735 2281 erat,

410 2307 669 2350 nobiliorum
698 2303 982 2360 sophistarum
1021 2304 1287 2360 frequentia,
1316 2319 1400 2347 non
1428 2305 1485 2348 ita
1512 2306 1638 2348 facile
1670 2308 1733 2348 vi—

453 2500 465 2522 1
493 2501 552 2531 Pro
568 2500 660 2531 llere.
682 2500 778 2531 Cond.
797 2512 825 2530 c.
850 2499 901 2530 15.

455 2570 470 2588 2
496 2563 548 2596 Bis
564 2563 675 2596 Aecus.
691 2574 719 2596 e.
737 2562 792 2595 32.

454 2629 469 2648 ει
496 2628 607 2659 Piscat.
626 2612 654 2658 ε’.
678 2628 830 2668 Βενῑψῑες.
845 2641 873 2658 0.
891 2627 931 2666 9,
951 2628 989 2666 7,
1006 2626 1069 2666 23,
1089 2626 1142 2658 25.

460 2697 478 2716 ⁴
505 2693 574 2727 vid.
594 2692 683 2731 Supr.
704 2703 730 2732 p.
749 2690 808 2732 12,
825 2698 854 2722 et
866 2692 936 2722 adn.
959 2692 984 2722 l.
