2154 3500
1072 324 1100 366 6

433 446 642 490 rhetorica
679 451 966 505 praefatione,
1006 465 1133 508 quam
1171 450 1390 503 recitavit,
1425 467 1511 510 quo
1551 460 1761 510 tempore,

423 526 514 577 jum
546 527 731 568 nominis
773 527 888 583 apud
920 535 1083 570 exteros
1117 528 1411 570 celebritatem
1442 529 1649 586 adeptus,
1690 530 1764 571 do-

436 617 553 644 mum
586 618 704 646 suam
729 606 917 660 primum
943 607 1087 648 revisit
1114 609 1142 649 ¹.
1189 607 1352 648 Nomen
1380 604 1510 648 habet
1534 622 1558 649 a
1588 606 1770 650 Samnii

434 681 730 732 enarratione3
767 681 891 737 cujus
916 690 1123 740 concepta
1152 683 1294 741 imago
1313 688 1375 725 est
1397 681 1452 725 ab
1477 681 1664 727 Hercule
1689 682 1766 726 illo

433 759 604 802 Prodici
639 758 670 804 ².
724 761 836 803 Puer
870 761 1081 805 Lucianus
1129 768 1303 819 propter
1348 761 1610 805 confractam
1656 761 1765 818 lapi-

432 839 555 879 deam
590 838 783 880 tabulam
824 840 879 881 ab
932 840 1144 883 avunculo
1186 839 1462 890 verberatus,
1511 838 1668 881 effusus
1719 840 1764 880 in

429 915 638 976 lacrymas
691 917 1033 971 obdormivcrat,
1080 932 1214 977 quum
1256 931 1333 974 per
1373 924 1545 960 noctem
1580 916 1692 960 duae
1727 917 1767 960 ei

435 1004 645 1053 apparent
670 997 896 1050 mulieres3
933 998 1066 1041 altera
1093 997 1313 1054 operaria,
1347 996 1480 1040 virilis
1501 1029 1513 1049 ‚
1549 996 1764 1055 squalida:

439 1075 538 1114 Ars
555 1072 801 1116 Statuaria
822 1075 1161 1132 (“Ερμογλυφικὴ
1178 1072 1358 1133 τέχνη)·ὃ
1374 1074 1508 1116 altera
1523 1075 1633 1116 facie
1648 1074 1770 1116 valde

436 1152 620 1193 formosa
635 1185 647 1206 ‚
666 1149 817 1193 habitu
842 1160 884 1193 et
907 1153 1059 1193 vestitu
1080 1151 1259 1194 decora:
1281 1150 1507 1194 Eruditio
1526 1149 1769 1209 (Παιδεία).

437 1229 630 1282 Quarum
666 1236 848 1288 utraque
888 1230 1075 1286 primum
1132 1228 1350 1286 prehensis
1388 1230 1583 1273 manibus
1636 1227 1771 1272 vehe-

436 1314 603 1348 menter
641 1307 694 1348 ad
729 1322 773 1348 se
800 1321 899 1348 cum
927 1306 1085 1359 trahit,
1116 1315 1207 1349 tum
1228 1309 1310 1363 ipsi
1336 1309 1540 1364 permisso
1565 1308 1767 1358 arbitrio,

439 1386 620 1428 rationes
653 1401 747 1428 suas
775 1386 961 1442 exponit.
1012 1386 1224 1429 statuaria
1261 1386 1444 1429 barbara
1471 1401 1576 1429 voce
1608 1387 1769 1429 victum

437 1464 474 1504 ei
499 1464 712 1505 salubrem
728 1496 740 1516 ,
784 1464 974 1522 quietam
1001 1464 1127 1507 vitam
1149 1498 1160 1516 ,
1200 1464 1413 1507 artificum
1450 1463 1632 1507 honores
1653 1478 1770 1506 com·

437 1541 623 1583 mendat.
654 1540 850 1583 Eruditio
874 1549 1023 1584 contra
1051 1542 1285 1597 pollicetur
1305 1556 1349 1584 se
1370 1549 1561 1583 veterum
1580 1540 1769 1583 virorum

438 1620 477 1660 ci
504 1625 767 1661 ostensuram
806 1634 874 1661 res
895 1627 1032 1676 gestas
1060 1627 1101 1661 et·
1130 1620 1312 1675 scripta,
1346 1626 1437 1661 tum
1460 1620 1650 1662 animum
1680 1617 1771 1673 ejus

439 1697 490 1739 ad
540 1711 709 1740 omnem
750 1698 950 1740 virtutem
997 1697 1324 1740 informatur-am
1358 1708 1398 1750 ³;
1470 1703 1771 1740 commonstrat

439 1775 791 1827 Demosthenem,
812 1775 1070 1818 Aeschinem
1086 1808 1097 1825 ‚
1124 1776 1369 1828 Socratem,
1396 1791 1502 1834 quos
1528 1776 1617 1832 ipsa
1637 1791 1685 1817 ex
1701 1776 1766 1817 in—

440 1855 537 1896 lima
578 1861 690 1896 sorte
731 1853 784 1895 ad
822 1867 1035 1895 summum
1075 1854 1219 1895 locum
1264 1854 1480 1896 evexisset.
1535 1853 1766 1895 Scientiam

439 1933 627 1990 «lenique
664 1932 872 1988 promittit
901 1932 1090 1973 omnium
1130 1931 1369 1974 divinarum
1407 1939 1449 1974 et
1487 1931 1771 1974 humanarum

439 2025 584 2053 rerum
610 2008 653 2066 ⁴,
688 2024 813 2066 opes,
846 2009 1123 2066 dignitatern,
1154 2016 1282 2068 atque
1313 2010 1357 2051 in
1389 2009 1535 2065 primis
1559 2007 1772 2052 facundae

440 2088 642 2130 orationis
685 2087 935 2143 potentiam.
977 2086 1196 2128 vLucianus
1235 2087 1368 2142 igitur
1406 2086 1578 2129 vixdum
1621 2086 1776 2128 auditis

442 2168 670 2225 utriusque
699 2167 863 2218 verbis,
901 2167 1013 2208 laeto
1046 2166 1189 2208 animo
1216 2165 1319 2208 huic
1349 2166 1502 2222 seipse
1534 2166 1773 2208 committit.

443 2247 564 2299 Quae
597 2260 694 2287 mox
723 2260 820 2287 eum
859 2245 1020 2287 volucri
1050 2259 1181 2287 curru
1211 2252 1453 2300 susceptum
1473 2278 1483 2295 ,
1527 2244 1581 2287 ab
1616 2259 1768 2287 aurora

489 2397 503 2421 ¹
529 2400 619 2431 Cons.
641 2400 743 2429 Somn.
764 2410 788 2429 s,
812 2399 877 2430 vit.
898 2398 968 2429 Luc.
986 2408 1013 2429 c.
1038 2396 1080 2428 16
1102 2398 1174 2430 coll.
1193 2409 1259 2428 cum
1279 2409 1307 2428 c.
1330 2396 1382 2428 18.

490 2470 506 2488 2
532 2463 672 2504 Xenoph.
693 2464 818 2494 Memor.
842 2463 896 2494 lib.
913 2461 958 2493 ΙΙ.
982 2474 1008 2491 c.
1030 2461 1068 2502 l,
1086 2460 1126 2492 21
1146 2472 1231 2501 seqq.

491 2527 506 2548 ³
531 2530 635 2560 somn.
662 2541 688 2559 c.
712 2528 764 2559 10.
803 2527 864 2558 καὶ
890 2529 958 2567 τὴν
984 2528 1124 2568 ψυχὴν,
1153 2524 1241 2569 ὅπερ
1270 2534 1330 2556 σου
1365 2522 1584 2568 κυριώτατόν
1604 2524 1694 2561 ἐστι,
1718 2535 1778 2554 κα-

439 2587 648 2628 τακοσμήσω
666 2584 809 2620 πολλοῖς
824 2583 885 2614 καὶ
903 2582 1058 2624 ἀγαθοῖς
1078 2582 1292 2623 κοσμήμασι,
1309 2579 1528 2624 σωφροσύνῃ,
1547 2579 1752 2622 δικαιοσύνῃ
1765 2601 1775 2617 ,

441 2641 630 2684 εὐσεβείᾳ,
649 2641 847 2685 πρᾳότητι,
871 2639 1063 2680 ἐπιεικείᾳ,
1086 2637 1239 2676 συνέσει,
1261 2637 1452 2681 καρτερίᾳ,
1483 2635 1533 2679 τῷ
1560 2635 1632 2667 τῶν
1660 2633 1778 2667 καλῶν

439 2696 559 2740 ἔρωτι,
585 2700 632 2739 τῇ
657 2697 744 2742 πρὸς
768 2697 814 2728 τὰ
841 2694 1047 2734 σεμνότατα
1069 2692 1171 2738 ὁρμῇ·
1197 2694 1318 2725 ταῦτα
1345 2692 1413 2737 γάρ
1429 2693 1521 2724 ἔστιν
1540 2691 1557 2723 ὁ
1579 2694 1643 2734 τῆς
1661 2693 1777 2735 ψνχῆς

438 2753 617 2796 ηκήριιτος
637 2751 679 2789 ὡς
696 2751 843 2794 ἀληθῶς
864 2749 999 2790 κόσμος.

484 2813 499 2835 ⁴
524 2816 604 2847 nm.
988 2808 992 2812 '
