2154 3500
993 255 1043 293 31

360 384 515 441 quibus
542 379 769 421 recitandis
793 379 1035 421 auditorum
1064 381 1351 422 benivolentia
1379 382 1543 435 captari
1573 380 1682 423 sole·

361 462 448 502 bat.
466 456 683 513 Ejusmodi
698 464 796 499 sunt
812 455 1403 513 Harmonidee‚Her0dotue
1428 473 1464 501 e.
1495 455 1681 511 Aetion,

361 534 528 593 Scytha
552 551 588 578 e.
615 535 804 592 Hospes,
839 535 1083 576 Electrum
1108 550 1146 577 e.
1170 534 1319 591 Cycni.
1352 536 1603 592 Exemplum
1630 537 1684 578 sit

358 630 410 658 ex
436 613 741 667 Harmonide‚
782 614 880 666 ubi,
911 614 1172 655 nobilissimo
1205 614 1375 656 cuidam
1402 614 1491 656 viro
1521 629 1566 656 se
1593 615 1682 671 ipse

361 692 660 736 commendans
691 703 728 744 1,
774 707 928 734 nomen
973 689 1201 748 profitetur
1239 692 1286 734 in
1325 693 1404 750 iis,
1434 695 1526 737 ὅσοι
1555 694 1683 749 δόξης

357 772 582 827 ὀρέγονται
598 772 800 826 δημόσιόν
814 788 856 813 τι
872 770 1212 823 ἐπιδεικνύμενοι
1227 774 1322 824 ,τοῦ
1336 775 1453 827 παρὰ
1471 774 1558 815 τῶν
1573 770 1679 814 πολ-

358 847 446 893 λῶν
471 849 653 893 ἐπαίνου
681 848 872 903 δεόμενοι
894 848 933 898 2,
970 852 1100 905 atque
1116 845 1267 889 exinde
1277 846 1456 891 affirmat
1465 847 1556 903 jam
1570 854 1682 891 stare

358 940 433 983 per
448 924 629 982 hujusce
645 925 813 983 patroni
820 923 1035 981 judicium
1052 957 1063 977 ‚
1084 931 1132 966 ut
1151 937 1249 966 vere
1274 931 1496 967 censeatur
1506 928 1681 983 ἄριστος

355 1008 467 1047 κατὰ
498 991 704 1047 παιδείαν
722 1013 752 1046 ³.
800 1004 1003 1045 Similiter
1029 1005 1075 1044 in
1103 1002 1347 1053 Herodoto,
1377 1018 1521 1045 coram
1541 1004 1679 1044 Mace-

357 1081 516 1123 donum
544 1089 755 1123 conventu
780 1080 834 1123 ad
861 1080 1092 1123 dicendum
1111 1081 1155 1123 in
1192 1079 1380 1123 medium
1409 1095 1678 1137 progressus:

356 1162 381 1202 ό
404 1161 483 1213 μὲν
502 1160 603 1217 ἔρως
620 1195 633 1212 ,
659 1158 800 1217 inquit
815 1192 827 1212 ‚
854 1149 976 1207 οὗτος
1002 1155 1055 1213 ἧν
1081 1160 1246 1202 ἅπασιν
1266 1160 1367 1214 ὑμῖν
1398 1163 1677 1214 γνωσθῆναι,

358 1239 430 1279 καὶ
458 1238 525 1279 ὅτι
552 1236 768 1285 πλείστοις
796 1236 1071 1280 Μακεδόνων
1094 1236 1231 1286 δεῖξαι
1265 1238 1380 1290 τοέμά
1406 1247 1438 1278 ⁴.

417 1317 508 1358 Hoc
537 1316 677 1357 studio
703 1331 839 1373 quum
864 1303 1119 1365 duceretur,
1161 1316 1315 1356 mirum
1342 1316 1536 1370 profecto
1571 1324 1678 1357 esset

359 1393 401 1435 ni
429 1392 483 1435 ad
503 1391 718 1448 judicium
748 1392 812 1434 sui
839 1393 930 1435 aevi
954 1407 997 1434 se
1027 1391 1371 1434 conformavisset
1399 1400 1441 1435 et
1468 1391 1548 1435 sibi
1568 1408 1679 1452 quo-

358 1484 443 1528 que
469 1484 517 1513 ea
539 1469 711 1512 dicendi
725 1476 975 1526 argumenta
990 1468 1203 1509 sumsisset
1218 1500 1229 1518 ,
1250 1470 1407 1526 quihus
1424 1471 1681 1526 praecipuae

357 1548 491 1590 ferme
516 1547 663 1590 laudes
687 1544 885 1602 sophistis
908 1543 1058 1587 haberi
1081 1544 1288 1588 solebant.
1320 1546 1386 1587 Ita
1412 1560 1509 1589 eum
1531 1546 1679 1590 fecisse

358 1633 566 1670 testantur
613 1625 889 1668 scholasticae
931 1623 1170 1679 quaedam,
1206 1624 1284 1666 etsi
1322 1625 1543 1680 pauciores
1577 1640 1679 1678 eae,

357 1704 684 1745 declamationes
711 1716 759 1743 ex
796 1701 985 1742 omnium
1007 1701 1377 1756 pervulgatissima
1405 1716 1563 1758 genere
1590 1706 1679 1748 τῶν

354 1779 558 1833 μελετῶν.
590 1780 698 1820 Sunt
724 1778 822 1820 illae
852 1778 1032 1819 maxime
1060 1776 1332 1829 Abdicatus,
1367 1777 1679 1834 Tyrannicida

355 1863 399 1898 et
430 1864 611 1912 uterque
643 1854 884 1897 Phalaris.

417 1933 639 1976 Abdicati
650 1933 881 1976 absurdum
900 1940 1200 1990 argumentum
1222 1932 1329 1976 adeo
1344 1948 1431 1976 non
1454 1935 1676 1991 proprium

357 2019 418 2054 est
430 2012 626 2064 Luciani,
649 2019 698 2053 ut
715 2026 886 2068 prorsus
906 2010 1020 2064 idem
1042 2010 1157 2067 apud
1183 2011 1386 2055 Senecam
1416 2010 1676 2067 habeatur5,

356 2091 581 2148 ipsumque
610 2089 832 2141 libellum,
862 2090 1003 2131 nescio
1035 2103 1162 2146 quam
1188 2096 1325 2141 recte,
1354 2090 1542 2132 Luciano
1570 2106 1676 2133 non-

360 2168 469 2209 nulli
501 2167 843 2222 abjudicaverim
862 2169 893 2210 ⁶.
943 2166 1272 2223 Tyrannicidae
1311 2169 1412 2210 item
1451 2169 1526 2210 diu
1568 2171 1679 2211 inter

401 2328 415 2351 ¹
443 2329 591 2360 Hermon.
615 2340 643 2360 c.
665 2328 699 2367 3,
724 2330 755 2359 4.

400 2385 417 2404 2
442 2383 521 2415 lbid.
548 2396 575 2416 c.
598 2383 629 2415 3.

402 2436 417 2457 ³
441 2438 523 2470 Ibid.
540 2451 567 2471 e.
591 2442 621 2471 4.

399 2496 420 2518 4
445 2495 557 2526 Herod.
577 2507 602 2526 s.
622 2495 695 2526 Aet.
711 2505 739 2526 c.
759 2495 790 2527 7.
1161 2532 1165 2543 Ι

402 2547 415 2570 ⁵
443 2549 482 2582 Ῑιι
497 2550 538 2582 Μ.
561 2551 645 2583 Anu.
677 2551 783 2586 Senee.
812 2552 951 2593 Excerpt.
973 2552 1105 2584 neclan.
1124 2553 1147 2584 1.
1169 2553 1233 2588 lv.
1259 2559 1395 2585 controv.
1423 2554 1455 2585 5.
1477 2553 1570 2585 titulo
1605 2554 1672 2588 Pri-

354 2608 462 2648 vignus
483 2609 628 2640 medicus.
834 2614 837 2616 ’

400 2666 419 2689 6
446 2664 615 2698 Lehmann.
642 2660 682 2697 Τζ
703 2667 730 2698 V
745 2691 754 2707 ,
779 2678 809 2707 p.
835 2666 900 2700 357
925 2669 995 2699 adv.
1018 2668 1157 2699 Belinum
1185 2674 1296 2699 tuetur.
1323 2668 1464 2709 Abjudic.
1482 2669 1553 2700 item
1574 2669 1674 2700 Fnhr-

357 2732 467 2762 mann,
491 2722 523 2751 in
544 2721 665 2753 Handb.
687 2724 741 2753 der
756 2724 855 2754 elasa.
875 2724 947 2755 titt.
969 2724 1024 2755 Th.
1047 2724 1077 2754 11
1092 2748 1100 2764 ,
1122 2726 1151 2755 S.
1173 2724 1246 2755 506.

0 3471 1080 3500 Μαί,
1090 3493 1143 3500 mu
