2154 3500
1089 303 1145 345 64

447 431 562 489 apud
595 432 795 490 aequales
830 432 942 474 iuter
977 432 1088 488 ipsos
1116 433 1332 488 principes
1364 433 1646 490 sophistarum
1678 448 1777 478 een·

449 517 628 553 seretur.
671 509 979 562 Philostratus,
1006 524 1139 569 quum
1175 510 1321 566 paullo
1355 519 1451 566 post
1479 513 1570 568 ejus
1595 520 1777 556 aetatem

446 584 736 642 sophistarum
775 575 881 629 vitas
914 587 1149 639 scriberet,
1180 602 1234 629 ne
1274 587 1404 630 verbo
1447 590 1624 645 quidem
1667 590 1783 632 illius

444 664 706 707 mentionem
741 664 859 708 fecit.
905 665 1113 708 Invidiam
1144 663 1317 722 quidem
1343 679 1420 721 pro
1452 673 1571 723 parte
1597 667 1780 726 quadam

444 741 573 796 hujus
608 743 765 784 silentii
793 757 987 785 caussam
1014 745 1141 786 fuisse
1160 776 1172 796 ,
1204 758 1290 785 non
1320 743 1504 799 injuria,
1536 753 1667 801 puto,
1713 760 1779 788 vv.

444 819 518 863 dd.
543 821 745 877 suspicati
770 824 918 865 sunt¹.
966 824 1070 865 Nam
1113 822 1164 865 de
1204 822 1388 864 oratoria
1432 823 1609 864 Luciani
1651 823 1778 866 laude

445 905 667 955 utcunque
709 899 783 940 ille
825 901 1098 951 existimavit,
1144 914 1378 941 memorare
1408 900 1557 942 saltem
1603 908 1778 955 propter

444 976 602 1032 scripta
628 990 727 1018 eum
747 976 924 1029 debuit,
962 991 1048 1019 non
1072 977 1212 1019 minus
1233 992 1273 1019 v.
1300 992 1338 1020 c.
1372 991 1501 1035 quam
1516 975 1767 1029 Aelianum,

445 1053 500 1096 de
545 1068 631 1111 quo
678 1053 850 1107 retulit,
893 1055 1036 1110 ipsum
1071 1055 1274 1106 sensisse,
1310 1071 1353 1098 se
1391 1055 1775 1099 declamationibus

444 1131 584 1173 minus
623 1130 765 1174 valere
796 1139 838 1173 et
875 1146 969 1174 eam
1002 1132 1056 1174 ob
1099 1147 1290 1175 caussam
1330 1133 1383 1176 ad
1411 1133 1688 1176 scribendum
1730 1149 1775 1177 se

443 1210 674 1252 contulisse
702 1216 734 1252 ².
777 1210 1083 1255 Verumtamen
1114 1224 1306 1264 rursum,
1335 1225 1446 1270 quae
1475 1212 1530 1254 ab
1556 1213 1648 1269 ipso
1692 1212 1776 1255 Lu-

441 1288 565 1330 ciano
610 1288 664 1330 de
696 1302 901 1344 prospero
947 1288 1038 1343 ejus
1081 1290 1126 1331 in
1168 1296 1259 1330 arte
1297 1289 1534 1331 exercenda
1574 1304 1773 1331 successu

442 1367 710 1423 accepimus:
761 1367 806 1408 in
854 1367 994 1409 Gallia
1030 1382 1127 1409 eum
1172 1367 1300 1409 fuisse
1344 1367 1389 1408 in
1433 1367 1656 1423 sophistis,
1700 1369 1775 1424 qui

441 1446 644 1488 maximas
668 1444 887 1488 mercedes
917 1445 1094 1501 publice
1123 1444 1367 1497 traherent,
1400 1453 1442 1488 et
1462 1453 1563 1488 ante
1585 1445 1769 1502 quadra·

444 1525 652 1581 gesimum
693 1525 840 1567 aetatis
876 1538 1036 1566 annum
1075 1531 1240 1565 tantum
1282 1524 1481 1565 fortunae
1521 1532 1563 1566 et
1604 1524 1768 1581 gloriae

443 1601 668 1655 habuisse,
713 1608 922 1659 quantum
965 1601 1046 1656 ipsi
1084 1602 1181 1642 satis
1220 1615 1309 1642 esse
1347 1600 1562 1642 videretur
1592 1605 1632 1657 ³,
1665 1600 1770 1643 haec

441 1680 613 1722 omnino
642 1694 728 1722 non
759 1678 970 1736 ejusmodi
997 1686 1118 1730 sunt,
1146 1686 1193 1720 ut
1210 1680 1447 1734 comparari
1468 1679 1651 1734 possint,
1675 1693 1774 1721 cum

438 1757 599 1799 eximiis
633 1754 890 1807 honoribus,
927 1755 1085 1812 quibus
1112 1755 1335 1814 plerique,
1361 1755 1436 1814 qui
1460 1769 1484 1796 a
1510 1754 1763 1799 Philostrato

436 1843 746 1886 memorantur,
777 1835 987 1890 sophistae
1012 1841 1187 1889 propter
1206 1835 1511 1891 panegyricam
1540 1834 1584 1874 in
1614 1835 1763 1889 primis

437 1914 727 1969 eloquentiam
768 1914 814 1954 in
846 1912 990 1963 Ionia,
1022 1911 1223 1962 Graecia,
1267 1912 1515 1966 Romaeque
1560 1912 1767 1953 celebrati

436 1991 572 2035 fuere.
588 1991 681 2034 Non
694 2004 917 2047 possumus
932 1987 1173 2045 dijudicare
1190 1987 1345 2046 ecquid
1364 1988 1576 2031 Lucianus
1593 2004 1661 2032 eas
1679 2004 1768 2032 ora·

436 2070 564 2112 torias
577 2069 776 2111 hahuerit
789 2069 981 2118 virtutes,
1008 2067 1181 2124 quibus,
1206 2068 1239 2109 si
1253 2067 1412 2109 diutius
1440 2067 1485 2109 in
1505 2067 1765 2123 professione

439 2148 719 2205 perstitisset,
749 2147 877 2189 facile
902 2147 940 2188 ei
964 2147 1112 2188 suisset
1142 2146 1193 2189 ad
1228 2159 1320 2188 eam
1353 2146 1644 2189 celebritatem
1664 2161 1762 2202 per-

489 2360 500 2378 1
530 2356 638 2386 Solan.
668 2355 740 2386 ndu.
771 2355 820 2385 td.
845 2354 905 2385 Pro
932 2354 1022 2385 Μαι-ο,
1053 2354 1149 2385 Cond.
1175 2365 1202 2384 c.
1231 2353 1282 2385 15.
1307 2355 1405 2386 Wiel.
1430 2355 1485 2385 Th.
1505 2354 1542 2395 1,
1568 2355 1599 2385 S.
1626 2355 1766 2387 x-xn

436 2411 574 2443 Invidiae
593 2417 674 2442 certe
695 2420 803 2441 caussa
826 2409 858 2439 in
877 2415 1016 2449 promptu
1032 2416 1098 2450 est,
1115 2420 1209 2451 quum
1227 2409 1355 2450 scriptor
1365 2411 1405 2442 V.
1418 2410 1511 2451 Soph.
1531 2411 1642 2451 passim
1665 2421 1767 2452 super-

432 2470 585 2500 stitiosum
603 2479 634 2498 se
650 2468 803 2499 hominem
822 2466 938 2506 prodit,
958 2473 988 2496 et
1003 2477 1075 2496 vero
1095 2468 1118 2499 1.
1141 2466 1174 2497 11
1187 2490 1196 2506 ,
1217 2467 1239 2498 5
1251 2490 1260 2506 ,
1283 2467 1299 2509 ᾗ
1320 2466 1351 2497 l.
1378 2466 1429 2496 01.
1447 2477 1476 2505 p.
1501 2466 1588 2506 570,
1608 2478 1640 2498 se
1658 2474 1769 2498 aucto-

433 2536 496 2556 rem
524 2535 589 2556 esse
615 2524 697 2555 vitae
717 2521 882 2563 Apollonii
899 2521 1110 2563 Thyanensis,
1134 2533 1223 2563 quem
1246 2522 1317 2555 Luc.
1348 2533 1417 2554 cum
1443 2528 1597 2554 contemtu
1621 2534 1767 2556 memora-

436 2588 533 2621 verat,
550 2581 582 2611 in
594 2580 684 2611 Alex.
705 2591 730 2610 s.
745 2579 907 2610 Pseudom.
926 2589 953 2609 c.
964 2576 998 2609 6.
1016 2579 1105 2609 Conf-
1126 2579 1229 2609 Olear.
1248 2580 1377 2618 praefat.
1397 2590 1428 2618 p.
1441 2578 1491 2609 111
1502 2589 1568 2619 sqq.
1588 2581 1677 2620 cujus
1687 2580 1765 2619 disp.

435 2637 575 2680 probavit
592 2637 626 2669 C.
645 2636 679 2668 L.
707 2635 837 2678 Kayser,
860 2634 893 2665 in
914 2634 1011 2675 praes.
1031 2634 1069 2666 ad
1084 2635 1133 2666 ed.
1150 2635 1189 2669 V.
1210 2633 1302 2675 Soph.
1325 2632 1434 2677 1838,
1453 2645 1483 2676 p.
1502 2633 1636 2666 XXVII.

483 2718 498 2736 ³-
525 2713 671 2743 Philostr.
691 2711 730 2741 V.
749 2710 841 2750 Soph.
861 2711 885 2741 l.
905 2709 956 2750 II,
980 2708 1021 2740 31
1038 2734 1048 2749 ,
1073 2710 1090 2751 §x
1108 2709 1139 2741 1.
1167 2710 1217 2740 Ol.
1236 2721 1266 2749 p.
1285 2708 1362 2740 624.

482 2793 497 2812 3·
526 2789 584 2819 Pro
605 2788 694 2818 Mero.
717 2787 813 2818 Cond.
832 2799 858 2818 e.
881 2786 941 2823 153
964 2787 1014 2817 Bis
1034 2786 1106 2817 Acc-
1127 2798 1153 2817 e.
1173 2785 1238 2825 28,
1259 2784 1311 2817 32.
