2154 3500
1061 308 1110 348 16

429 435 585 480 deinde
611 452 654 478 se
678 431 738 478 adk
763 436 940 477 tribules
978 451 1072 477 suos
1107 434 1387 477 adventitium
1416 449 1514 477 eum
1540 435 1752 478 hominem

428 515 661 558 deductum
692 514 827 557 civem
857 511 1021 554 fecisse.
1056 512 1199 574 Quum
1222 525 1319 554 vero
1353 510 1418 553 illi
1446 498 1583 555 'visum
1608 513 1756 555 fuisset

425 593 656 636 circumire
687 592 739 635 ad
775 590 1070 633 ostentandam
1099 588 1345 644 nuptiarum
1370 604 1542 631 suarum
1565 591 1755 633 felicita—

426 679 512 715 tem
528 705 539 724 ,
573 670 825 726 ubicunque
854 683 898 711 se
929 683 1028 711 cum
1057 675 1244 712 secutam
1263 667 1392 710 fuisse
1410 700 1421 717 ,
1443 683 1610 711 sursum
1630 669 1755 713 deor-

425 764 519 793 sum
542 749 596 793 ab
618 763 668 792 eo
690 746 1044 792 circumductam.
1079 748 1130 790 Et
1156 760 1267 803 quae
1288 760 1365 802 per
1384 746 1606 791 Graeciam
1626 755 1755 805 atque

424 827 587 869 Ioniam
621 827 676 868 ab
715 827 804 881 ipsa
841 826 955 868 facta
990 832 1126 866 essent
1157 823 1266 867 haec
1306 824 1482 879 quidem
1523 825 1755 868 mediocria

425 918 511 945 esse
532 936 543 956 ,
578 903 650 946 sed
680 917 815 961 quum
844 918 921 960 per
951 902 1117 944 Italiam
1148 901 1417 960 peregrinari
1452 901 1608 956 vellet,
1637 904 1755 946 Ioni-

427 996 501 1023 um
533 996 576 1023 se
604 982 743 1023 sinum
771 995 870 1023 cum
902 995 952 1022 eo
992 981 1236 1036 trajecisse,
1269 979 1456 1035 denique
1488 979 1531 1021 in
1553 980 1754 1023 Celticam

428 1072 565 1118 usque
594 1073 692 1103 eum
726 1059 968 1103 comitatam
1007 1058 1161 1111 fuisse,
1214 1064 1343 1115 atque
1384 1057 1478 1101 illic
1517 1057 1756 1114 locupleta-

428 1137 549 1177 visse.
593 1136 723 1177 Illum
751 1149 850 1176 vero
880 1142 1104 1191 postquam
1137 1136 1198 1176 rei
1228 1142 1269 1176 et
1306 1135 1469 1192 gloriae
1502 1134 1619 1192 quod
1661 1135 1757 1176 satis

427 1221 535 1254 esset
555 1245 566 1263 ,
599 1228 768 1267 parasse
798 1213 879 1253 sibi
914 1212 1145 1262 videretur,
1179 1212 1354 1253 sublatis
1375 1213 1616 1268 superciliis
1637 1212 1757 1254 dese-

429 1290 562 1333 ruisse
600 1303 774 1333 uxorem
816 1297 858 1332 ct
906 1288 959 1333 ad
1004 1289 1229 1332 barbatum
1275 1289 1574 1346 Philosophiae
1619 1290 1756 1334 filium

429 1367 656 1424 Dialogum
689 1374 906 1424 tamquam
937 1366 990 1409 ad
1021 1367 1226 1410 amasium
1258 1368 1566 1412 concessisse.»

491 1447 647 1488 Elucet
677 1460 726 1487 ex
754 1445 898 1496 hisce,
934 1445 979 1487 ni
1008 1445 1159 1497 fallor,
1193 1452 1284 1486 tum
1321 1445 1367 1488 in
1394 1447 1552 1503 quibus
1577 1448 1758 1490 maxime

433 1524 681 1581 regionibus
717 1523 888 1577 juvenis
928 1523 1139 1565 Lucianus
1188 1531 1374 1565 versatus
1417 1526 1549 1566 fuerit
1583 1537 1624 1576 1,
1667 1534 1757 1568 tum

433 1617 534 1645 vero
570 1617 667 1644 eum
707 1600 797 1656 jam
836 1599 880 1641 in
910 1601 1091 1644 Graecia
1117 1608 1158 1643 et
1185 1601 1304 1644 Ionia
1342 1601 1612 1658 sophisticam
1642 1618 1760 1646 exer-

432 1680 585 1722 cuisse.
633 1680 777 1734 Ipsum
827 1679 940 1721 enim
1000 1678 1209 1734 sophistae
1253 1679 1336 1721 fuit
1365 1686 1632 1737 περινοστεῖν
1668 1683 1758 1724 ἐπι-

434 1759 895 1812 δειξόμενον-πολλοὺς
938 1762 1011 1799 καὶ
1049 1761 1323 1812 θαυμασίους
1360 1759 1514 1811 λόγους
1539 1772 1570 1801 2.
1610 1761 1760 1815 Neque

431 1834 690 1880 levissimum
720 1832 1077 1893 deprehendimus
1102 1834 1346 1894 vestigium,
1365 1833 1479 1879 unde
1507 1836 1758 1896 colligamus

430 1916 691 1966 Lucianum‚
726 1928 861 1971 quum
886 1915 930 1955 in
965 1913 1134 1955 Italiam
1164 1921 1205 1955 et
1238 1912 1422 1956 Galliam
1450 1914 1656 1972 migraret
1683 1929 1759 1957 no-

434 2009 532 2037 vum
569 1994 788 2052 quoddam
830 1993 939 2036 vitae
977 1992 1201 2035 consilium
1237 2000 1278 2035 et
1306 2007 1441 2052 genus
1470 1993 1755 2048 inchoavisse;

480 2140 494 2159 1
523 2138 591 2168 Non
616 2138 754 2177 singulae
778 2136 899 2175 quidem
929 2147 947 2165 a
977 2136 1112 2168 Luciano
1130 2144 1304 2179 peragratae
1324 2139 1465 2180 ¹regiones
1483 2140 1515 2170 in
1534 2140 1586 2171 Bis
1605 2142 1678 2173 Ace.
1701 2140 1759 2173 l.l.

432 2193 613 2223 nominatim
635 2196 864 2223 enumerantur.
883 2190 931 2222 Ita
946 2201 993 2223 ex.
1012 2203 1059 2227 c.,
1088 2194 1127 2224 ob
1146 2194 1291 2226 Graeciae
1314 2195 1442 2227 sortasse
1466 2196 1671 2236 vicinitatem,
1698 2207 1761 2227 non

432 2254 618 2278 memoratur
633 2246 810 2277 Macedonia
823 2257 831 2281 ;
848 2247 902 2276 uhi
921 2247 1109 2286 Sophisticas
1123 2249 1319 2281 recitationes
1330 2261 1398 2280 eum
1417 2251 1561 2282 habuisse
1572 2275 1581 2291 ‚
1599 2259 1759 2291 postquam

426 2304 493 2344 jam
511 2302 543 2333 in
563 2301 657 2333 ltalia
672 2301 796 2342 fuisset,
818 2307 900 2342 patet
914 2313 950 2332 ex
963 2302 1072 2337 Herod.
1084 2315 1109 2335 s.
1125 2303 1258 2335 Aetione
1270 2329 1278 2346 ,
1288 2317 1315 2336 e.
1333 2304 1353 2337 7
1365 2305 1444 2343 et5;
1460 2313 1490 2337 et
1508 2306 1613 2349 Scyth.
1625 2319 1649 2341 s.
1665 2307 1760 2348 Hesp.

431 2372 456 2390 c.
475 2359 507 2391 9.
529 2360 749 2391 Verumtamen
766 2361 882 2400 majora
902 2365 983 2390 certe
1001 2360 1111 2391 itinera
1125 2362 1277 2403 designari
1293 2363 1447 2395 videntur.
1479 2363 1518 2394 In
1538 2364 1761 2395 constituendis

430 2422 531 2446 nutem
552 2416 682 2456 singulis
708 2416 852 2447 itinerum
875 2416 1063 2455 temporibus
1090 2428 1152 2448 non
1174 2418 1239 2450 sine
1256 2419 1353 2449 multa
1369 2419 1539 2450 temeritate
1559 2419 1759 2460 Wielandus,

433 2473 574 2504 stravius
593 2479 623 2504 et
644 2473 825 2504 Wetzlarus
844 2472 956 2503 versati
974 2479 1057 2507 sunt.

472 2536 487 2554 2
513 2537 552 2567 In
585 2537 654 2577 his,
682 2542 787 2575 utpote
815 2535 997 2567 Rhetoricae
1022 2537 1110 2577 dote,
1132 2537 1191 2568 sita
1210 2544 1274 2568 erat
1296 2537 1361 2568 τοῦ
1381 2537 1496 2578 γάμου
1514 2538 1536 2579 ἡ
1554 2538 1735 2579 εὐποτμία
1751 2565 1761 2580 ,

424 2591 476 2622 Bis
495 2591 569 2622 Ace.
598 2603 624 2622 c.
652 2590 706 2622 2¹0⁷.
731 2591 819 2621 Cons.
850 2589 955 2630 Scyth.
978 2601 1001 2620 s.
1020 2590 1113 2631 Hosp.
1138 2602 1165 2622 c.
1193 2591 1245 2623 10.
1266 2592 1308 2623 τὸ
1329 2591 1449 2628 δεῖξαι
1463 2592 1536 2624 τῶν
1556 2592 1758 2635 λόγων-τίσι

391 2639 396 2646 ’
424 2648 493 2690 γὰρ
517 2646 562 2677 ἂν
592 2645 710 2682 ἄλλοις
734 2645 859 2682 ἔδειξα
878 2647 990 2687 σιωπῇ
1008 2646 1237 2689 παροδεύσας
1252 2646 1473 2690 τηλικαύτην
1489 2648 1618 2686 πόλιν,·
1644 2651 1754 2681 Herod.

423 2715 448 2731 s.
476 2702 600 2734 Aetion.
620 2713 647 2733 c.
666 2701 704 2739 7,
727 2700 783 2733 ὅτι
799 2699 978 2738 πλείστοις
998 2700 1119 2738 δεῖξαι
1138 2700 1247 2740 τάμά.
1267 2702 1411 2735 Hannon.
1430 2716 1456 2736 c.
1478 2704 1518 2744 7,
1531 2705 1703 2749 δημόσιόν
1719 2720 1757 2740 τι

420 2755 713 2795 ἐπιδεικνύμενοι.
736 2774 758 2780 -
778 2755 1034 2798 ἕντιδεικνῦμην
1051 2755 1137 2792 τοὺς
1149 2754 1280 2797 hirom·-
1305 2757 1349 2789 De
1368 2759 1464 2790 nomo
1476 2762 1594 2803 (Occu),
1609 2773 1635 2793 c.
1646 2761 1683 2801 3,
1699 2761 1751 2793 14.
