2154 3500
1087 310 1144 352 24

441 441 614 498 ingenio
640 439 849 482 Lucianus
867 472 876 489 ,
917 439 951 480 si
988 437 1160 495 quando
1190 452 1212 479 e
1241 438 1360 495 Syria
1381 439 1425 481 in
1456 440 1620 484 Italiam
1651 441 1768 485 navi-

443 522 601 574 gasset‚
653 516 754 573 ipsis
800 514 900 556 libri
931 514 1223 556 defensoribus
1250 513 1473 568 judicibus
1494 549 1506 569 ,
1542 532 1627 561 non
1680 527 1765 561 tam

440 593 637 636 affectato
670 594 767 635 stilo
794 606 919 633 suum
945 593 1027 634 iter
1050 591 1343 646 descripturus
1360 592 1509 634 fuisset
1526 626 1537 645 ‚
1570 603 1765 641 agatnen-

440 674 543 715 dum
568 690 657 716 esse
680 671 848 714 videtur
874 670 957 713 hoc
986 670 1159 728 quidem
1188 668 1246 712 ab
1279 669 1364 713 alio
1390 670 1576 727 quodam
1605 674 1764 717 factum

439 750 788 807 descriptumque
801 748 947 801 fuisse,
966 748 1150 806 ideoque
1171 745 1355 790 Amores
1368 763 1453 792 non
1471 749 1763 832 essessssuciam

496 827 629 870 Porro
659 826 763 868 huic
789 828 1024 875 *tentiae
1064 826 1324 883 praesidium
1368 805 1608 883 quaeritur
1628 829 1673 870 in
1714 831 1765 870 iis

436 907 568 957 locis,
608 907 685 947 ubi
719 908 932 947 Lucianus
958 907 1169 962 significat
1198 921 1242 947 se
1266 906 1498 960 aliquando
1533 907 1578 949 in
1614 909 1763 964 Syria,

436 984 695 1037 Phoenicia,
737 986 933 1043 Aegypto
965 984 1122 1037 fuisse,
1157 997 1261 1041 quas
1288 981 1424 1042 igitur
1457 983 1652 1043 regiones
1691 999 1766 1028 co-

436 1054 673 1119 gnoscendi
708 1075 856 1105 caussa
884 1077 934 1105 eo
961 1069 1151 1117 tempore
1182 1060 1414 1114 invisisset,
1447 1074 1581 1118 quum
1595 1061 1767 1117 juvenis

435 1141 689 1186 Antiochiae
701 1154 942 1183 caussarum
963 1146 1191 1195 patronatu
1222 1154 1265 1181 se
1293 1138 1587 1183 abdicavisset.
1621 1141 1763 1195 Quum

376 1221 379 1223 ’
435 1236 535 1263 vero
564 1220 807 1261 noverimus
839 1233 936 1260 eum
964 1232 1105 1259 senem
1123 1250 1133 1268 ,
1165 1224 1255 1259 tum
1287 1218 1332 1259 in
1362 1218 1558 1276 Aegypto
1587 1219 1765 1274 publico

432 1313 611 1341 munere
640 1298 839 1339 functum
868 1310 957 1338 esse
984 1298 1026 1347 ¹,
1077 1302 1191 1347 tum,
1225 1294 1450 1347 fortunae,
1490 1303 1539 1338 ut
1574 1295 1763 1347 videtur,

433 1376 709 1420 conversione
740 1374 973 1425 afflictum,
1023 1381 1139 1416 certe
1170 1373 1313 1416 denuo
1343 1375 1533 1430 coepisse
1568 1373 1765 1430 sophisti-

434 1470 504 1496 cas
533 1454 804 1496 recitationes
832 1451 990 1495 habere.
1021 1458 1036 1480 ²
1054 1485 1065 1503 ‚
1093 1466 1191 1494 vero
1221 1452 1401 1494 similius
1425 1460 1510 1504 est,
1544 1467 1642 1494 eum
1670 1452 1764 1494 illas

435 1548 609 1591 quoque
637 1533 833 1590 regiones
858 1532 1124 1587 provectiore
1144 1538 1281 1573 aetate
1300 1530 1453 1574 adiisse
1479 1538 1626 1573 ettam
1656 1531 1764 1572 reci-

431 1612 641 1663 tationes,
676 1623 806 1668 quam
828 1609 997 1651 libellos
1024 1610 1068 1649 in
1103 1609 1260 1665 quibus
1291 1609 1475 1666 Aegypti
1506 1617 1547 1649 et
1577 1608 1765 1650 Orientis

432 1690 592 1732 mentio
615 1689 689 1739 fit,
724 1696 815 1729 tum
840 1686 1011 1729 demum
1037 1687 1092 1727 ab
1116 1702 1166 1728 eo
1187 1686 1427 1740 conscripta
1450 1686 1601 1742 fuisse,
1629 1701 1761 1742 quum

429 1780 606 1807 munere
635 1779 712 1806 suo
740 1762 964 1806 excidisset
996 1770 1025 1805 ³.

485 1842 649 1897 Quodsi
673 1841 785 1898 ipsos
815 1840 985 1883 libellos
1017 1840 1217 1895 inspicias
1236 1874 1246 1893 ,
1279 1842 1451 1884 omnino
1480 1841 1639 1884 habent
1675 1856 1761 1898 quo

422 1973 468 1980 .—.
478 1974 545 1978 .-.--
566 1973 677 1978 --———
689 1973 815 1979 -Νω

472 2049 485 2071 1
512 2049 573 2080 Pro
592 2049 684 2081 Mero.
705 2050 802 2081 cond.
823 2062 851 2081 c.
875 2050 927 2081 12.

476 2110 492 2134 ²
516 2112 590 2145 Vid.
616 2113 726 2144 Bacch.
746 2125 775 2146 c.
793 2112 816 2144 6
828 2138 837 2155 ,
856 2114 896 2155 7,
917 2120 948 2146 et
966 2115 997 2145 in
1016 2125 1060 2155 pr.
1076 2114 1201 2146 Hercul.
1214 2115 1327 2146 Gallie.
1344 2126 1371 2145 c.
1393 2114 1432 2156 7,
1451 2113 1484 2146 8.
1504 2115 1559 2145 nis
1569 2115 1759 2156 adjungenda

428 2168 549 2199 videtur
567 2168 686 2200 recitat.
716 2168 863 2208 Dipsades
888 2170 1053 2210 inscripta,
1082 2171 1115 2201 in
1143 2181 1204 2211 qus
1220 2181 1283 2201 non
1298 2170 1411 2202 diserte
1428 2170 1550 2211 quiden
1567 2170 1660 2211 dicit,
1679 2176 1761 2201 atta-

426 2234 497 2255 men
522 2223 657 2255 ostendit
681 2234 713 2254 se
729 2235 795 2255 esse
811 2235 930 2265 senem,
948 2225 1073 2256 immani
1091 2225 1318 2266 comparatione
1328 2248 1338 2266 ,
1356 2236 1383 2256 c.
1402 2224 1426 2256 9
1444 2225 1516 2257 coll.
1534 2226 1554 2256 4
1565 2249 1575 2266 ,
1600 2236 1661 2266 qua
1677 2226 1762 2256 seni-

426 2282 486 2312 lem
507 2281 726 2321 loquacitatem
744 2281 892 2313 illustrat.

471 2342 487 2364 ³
515 2345 707 2387 Quamquam
735 2345 768 2377 iu
793 2346 945 2388 Apologia
974 2346 1011 2378 de
1037 2345 1128 2378 Herc.
1154 2346 1250 2379 Comi.
1268 2357 1295 2378 c.
1313 2345 1330 2378 l
1352 2353 1383 2378 et
1401 2358 1429 2380 c.
1447 2348 1479 2379 4.
1504 2346 1540 2379 ἐν
1564 2347 1658 2392 γήρᾳ
1682 2345 1750 2378 ὑσ-

422 2401 519 2443 τάτῳ
544 2412 577 2432 se
601 2413 668 2433 esse
693 2402 789 2443 dicit,
809 2409 910 2434 tamen
937 2414 1029 2443 quum
1049 2408 1182 2442 speraret
1194 2402 1285 2447 (ibid.
1305 2414 1333 2434 c.
1353 2401 1411 2446 13)
1427 2404 1494 2435 sore
1508 2408 1544 2434 ut
1562 2413 1615 2442 per
1630 2413 1742 2433 munus

423 2466 485 2495 quo
504 2461 571 2488 tum
599 2458 796 2500 fungeretur,
821 2460 914 2491 etism
938 2459 977 2491 ad
1005 2459 1120 2501 majora
1141 2459 1331 2501 perveniret,
1354 2470 1417 2491 non
1435 2459 1526 2490 nimis
1542 2459 1677 2501 urgenda
1698 2464 1743 2489 est

423 2514 589 2544 senectutis
612 2515 709 2546 notio.
745 2517 844 2547 Porro
865 2527 903 2546 ex
920 2527 957 2546 eo
973 2516 1081 2547 libello
1093 2517 1188 2559 (conf.
1205 2528 1232 2547 c.
1249 2515 1312 2556 10,
1331 2515 1384 2558 ll)
1404 2526 1467 2547 nou
1489 2516 1587 2547 videri
1606 2526 1675 2546 eum
1700 2526 1746 2545 re·

429 2580 493 2600 rum
510 2569 660 2611 angustiis
676 2571 714 2603 ad
734 2572 958 2613 suscipiendum
975 2582 1085 2603 munus
1101 2577 1239 2602 coactum
1256 2571 1351 2603 ruisse
1362 2594 1372 2610 ,
1383 2572 1449 2612 ja‘m
1473 2570 1658 2602 wielandu·
1679 2582 1744 2602 mo-

427 2625 496 2656 nuit
507 2625 581 2665 ‚Th.
593 2626 609 2657 1
620 2650 631 2667 ,
642 2627 673 2658 S.
695 2628 734 2659 X.
757 2629 978 2669 Comprobatus
994 2640 1011 2659 a
1027 2629 1202 2660 Lehmanno
1218 2629 1250 2660 in
1266 2629 1384 2660 adnott.
1400 2629 1439 2660 ad
1457 2628 1568 2661 Reitzii
1583 2630 1722 2671 syllogen
1736 2653 1744 2667 ‚

427 2690 458 2718 p.
476 2679 576 2720 LXX,
597 2693 629 2713 u.
647 2681 701 2715 19.
734 2683 771 2715 In
790 2683 922 2716 Hercule
943 2690 1047 2716 contra
1073 2684 1213 2724 Gallico,
1237 2696 1265 2715 c.
1291 2684 1310 2715 7
1323 2708 1331 2723 ‚
1357 2682 1378 2715 8
1391 2708 1399 2723 ‚
1428 2694 1489 2715 non
1506 2695 1664 2724 possumus
1680 2695 1741 2715 non

424 2737 558 2770 affictum
589 2751 690 2772 senem
715 2752 893 2782 agnoscere-3
914 2743 1054 2785 quocirca
1080 2749 1146 2782 post
1175 2748 1344 2782 susceptum
1363 2753 1473 2773 munus
1491 2744 1632 2774 fortunae
1656 2743 1738 2774 vice-

422 2799 565 2835 otpertus
581 2805 643 2826 esse
658 2796 806 2830 videntur.
