2154 3500
1058 310 1112 352 46

424 441 643 484 materiam
675 439 1122 482 commemorationem
1154 436 1464 493 praesidiorum
1491 441 1598 495 reip.
1627 438 1752 481 Athe-

421 517 579 560 niensis
598 530 649 558 ac
671 516 921 559 meritorum
952 528 1121 565 eorum,
1154 528 1265 575 quae
1291 514 1466 570 quidem
1486 516 1577 571 jam
1606 518 1722 559 locus
1740 550 1750 568 ,

421 595 474 637 ad
507 609 637 652 quem
671 600 813 636 orator
844 593 1006 637 relictis
1039 591 1217 635 Athenis
1244 591 1524 650 confugerat,
1557 595 1655 637 satis
1683 610 1752 637 su—

418 688 584 731 perque
635 671 823 714 Archiae
867 671 1118 714 ostendebat
1161 683 1290 727 quam
1332 684 1418 712 non
1454 669 1611 724 juvare
1655 687 1751 715 eum

419 752 656 806 potuissent
684 750 711 793 ¹.

477 831 609 872 Porro
644 828 735 884 jam
774 843 798 870 a
840 830 1067 872 Grauertio
1113 825 1454 870 animadversum
1502 835 1587 879 est,
1627 828 1752 871 nimis

418 907 749 963 improbabilem
782 922 871 949 esse
896 907 1112 949 fictionem
1144 905 1190 947 in
1221 904 1440 960 colloquio
1469 903 1685 960 Antipatri
1711 914 1753 948 et

419 984 629 1035 Archiae,
664 998 798 1042 quum
824 991 941 1026 tanta
956 982 1246 1026 Demosthenis
1276 982 1521 1038 admiratio,
1548 991 1752 1039 quantam

419 1063 646 1117 Antipater
670 1062 888 1104 emissario
914 1077 991 1103 suo
1013 1062 1175 1117 aperit,
1198 1061 1252 1103 ab
1278 1060 1407 1115 hujus
1422 1061 1599 1117 ingenio
1612 1061 1751 1103 aliena
1781 1095 1783 1098 .

419 1142 497 1193 sit,
531 1155 674 1199 neque
714 1140 867 1183 cadere
903 1141 1076 1182 omnino
1124 1140 1168 1182 in
1200 1154 1299 1182 cum
1331 1140 1547 1195 potuerit,
1593 1148 1642 1182 ut
1670 1140 1752 1182 De-

421 1219 684 1263 mosthenem
729 1219 784 1261 de
831 1219 959 1261 rebus
998 1220 1174 1262 Graecis
1215 1218 1507 1261 consiliarium
1547 1217 1752 1261 adhibere

420 1299 632 1356 cogitaret
657 1296 695 1350 ²;
732 1305 821 1339 tum
855 1297 1041 1353 turpiter
1072 1297 1116 1338 in
1157 1312 1206 1339 eo
1241 1296 1437 1353 peccari,
1471 1296 1589 1353 quod
1626 1297 1752 1338 Anti-

418 1385 564 1433 pater,
598 1391 734 1433 quum
775 1376 984 1418 resciisset
1024 1382 1244 1417 mortuum
1278 1390 1367 1417 esse
1398 1374 1749 1427 Demosthenem,

418 1468 549 1510 quem
576 1455 723 1496 vivum
747 1453 905 1495 adduci
925 1452 1133 1508 jusserat,
1165 1466 1252 1494 non
1282 1454 1488 1494 contiuuo
1519 1467 1568 1494 ex
1595 1453 1750 1495 Archia

420 1538 753 1586 percunctatur,
785 1529 1003 1588 quomodo
1026 1528 1110 1571 hoc
1135 1530 1384 1582 accidisset,
1408 1531 1480 1573 scd
1504 1532 1747 1588 longissime

422 1608 605 1651 subinde
632 1608 893 1664 exspatiatur
911 1607 1126 1663 laudando
1155 1607 1447 1661 Demosthenis
1478 1609 1680 1661 virtutes,
1711 1616 1752 1650 et

418 1688 464 1730 in
497 1687 582 1729 fine
605 1686 778 1729 demum
810 1687 980 1743 quaerit
998 1686 1115 1729 ἀλλὰ
1144 1690 1236 1736 πῶς
1260 1688 1518 1732 dne'aavest
1534 1707 1551 1741 ,-

416 1809 448 1838 in
467 1808 606 1848 propriae
621 1808 754 1839 fictionis
773 1809 963 1840 commodum
982 1815 1097 1850 partem
1113 1811 1249 1851 ejusdem
1268 1812 1332 1851 ipse
1351 1813 1469 1844 sciens
1489 1813 1662 1855 adhiberet;
1683 1821 1752 1845 tsn-

414 1866 482 1896 ‹lem
501 1866 546 1905 (c.
566 1863 642 1904 47),
662 1863 694 1893 in
712 1864 863 1905 speciem
881 1865 1017 1906 ejusdem
1033 1865 1144 1896 erroris
1154 1889 1163 1907 ‚
1181 1866 1248 1897 sine
1263 1867 1332 1898 ulla
1350 1868 1549 1909 necessitate,
1567 1869 1746 1901 incurreret.

417 1921 524 1960 Stique
542 1926 610 1950 tuto
625 1926 757 1951 statuere
775 1921 849 1952 licet
867 1921 1071 1963 Thersagorae
1087 1923 1330 1956 alucinationem
1346 1925 1443 1965 ipsius
1459 1927 1593 1957 auctoris
1609 1927 1714 1958 fui-ae.

460 1983 473 2006 ¹
499 1985 557 2015 Per
575 1989 672 2014 totum
688 1995 716 2014 c.
737 1983 780 2015 45
792 2008 801 2023 ,
832 1985 883 2016 cui
897 1996 997 2027 neque
1015 1986 1079 2026 ipse
1099 1987 1198 2018 Wiel.
1220 1987 1374 2029 ignoscere
1391 1991 1508 2032 potuit,
1524 1991 1589 2023 vid.
1607 1990 1662 2022 Th.
1683 1991 1728 2022 VI
1740 2015 1749 2031 ‚

418 2040 445 2070 1.
468 2040 543 2071 172.
558 2058 594 2064 —
611 2040 756 2081 Egregius
778 2047 879 2071 autem
898 2042 1003 2082 locus,
1022 2043 1076 2083 qui
1098 2044 1233 2082 proxime
1256 2046 1426 2086 antecedit,
1440 2048 1585 2087 debetur,
1602 2048 1636 2078 ni
1652 2049 1747 2079 fallor

415 2097 589 2127 amitationi
612 2096 676 2127 loci
701 2096 892 2128 Plutarchei:
920 2098 1001 2129 conf.
1032 2098 1110 2132 Enc.
1139 2098 1227 2131 Dem.
1254 2111 1281 2131 c.
1306 2101 1369 2141 44,
1398 2100 1597 2139 φυλακτέον
1613 2104 1662 2145 μὴ
1685 2104 1753 2146 τὴν

416 2151 896 2196 ψυχὴν-δεδωροδοκηκέναι
914 2149 1001 2196 μηδ’
1020 2153 1066 2195 ἢν
1080 2154 1237 2193 ἐμαυτὸν
1253 2154 1365 2191 ἔταξα
1385 2156 1486 2193 τάξιν
1504 2156 1753 2198 λιπὼν-μετα-

416 2206 643 2247 βάλλεσθαι,
676 2218 744 2237 cum
767 2207 852 2239 Plut.
880 2208 967 2240 Dem.
989 2220 1017 2240 c.
1048 2208 1112 2245 13,
1142 2210 1193 2246 εἰς
1215 2209 1383 2251 ἢν-τάξιν
1419 2211 1752 2257 αὑτὸν-κατέστησε

418 2262 751 2301 ...διαφυλάξας-καὶ
777 2263 841 2294 τὸν
858 2264 942 2303 βίον
969 2264 1005 2296 ἐν
1021 2263 1071 2307 τῷ
1089 2265 1138 2307 μὴ
1158 2264 1439 2305 μεταβαλέσθαι
1455 2268 1656 2312 προέμενος.
1682 2271 1753 2302 Per-

419 2320 491 2350 inde
528 2329 612 2358 supr.
638 2319 825 2350 wielandus
847 2320 979 2350 conferri
999 2321 1089 2360 jubet
1113 2321 1206 2351 verba
1231 2320 1385 2361 Philippi,
1408 2323 1483 2353 Enc.
1511 2323 1597 2355 Dem.
1630 2336 1658 2357 c.
1687 2325 1751 2364 31,

414 2369 493 2406 ἀλλ’
532 2373 593 2405 ἐπὶ
621 2375 702 2413 μιᾶς
728 2385 770 2415 γε
807 2373 945 2417 ταύτης
972 2374 1107 2419 ἡμέρας
1145 2375 1210 2407 τὸν
1241 2376 1328 2421 περὶ
1353 2379 1419 2419 τῆς
1449 2376 1561 2422 ἀρχῆς
1591 2380 1652 2411 καὶ
1687 2384 1752 2424 τῆς

410 2433 528 2473 ψυχῆς
556 2430 723 2461 κίνδιτον
748 2430 921 2472 ἐπέστησέ
948 2442 1025 2468 μοι,
1061 2442 1129 2462 cum
1154 2431 1238 2462 Plut.
1268 2432 1354 2462 Dem.
1376 2444 1404 2463 c.
1429 2431 1494 2471 m,
1510 2433 1547 2464 ἓν
1572 2434 1672 2479 μέρει
1691 2448 1750 2474 μι-

413 2486 482 2532 κρῷ
515 2488 596 2526 μιᾶς
623 2485 758 2531 ἡμέρας
782 2485 848 2518 τὸν
870 2483 962 2531 ὑπὲρ
986 2488 1050 2529 τῆς
1066 2486 1258 2529 ἡγεμονίας
1276 2487 1422 2520 καὶτοῦ
1450 2486 1611 2529 σώματος
1635 2488 1749 2534 ἀναῤ-

412 2542 517 2584 ῥίψαι
535 2540 700 2573 κίνδυνον
723 2540 972 2582 ἀναγκασθεὶς
991 2537 1055 2575 ὑπ’
1078 2543 1210 2575 αὐτοῦ.

455 2600 471 2621 2
493 2611 521 2630 c.
539 2597 601 2638 40,
627 2596 681 2629 42.
712 2599 865 2639 Grnuert,
883 2598 906 2630 l.
923 2598 947 2631 l.

460 2655 474 2674 ³
499 2665 526 2685 e.
544 2653 598 2685 42.
625 2654 706 2696 Quid
731 2656 813 2695 quod
839 2656 894 2686 ubi
920 2656 1063 2696 tandem,
1089 2667 1117 2687 c.
1145 2655 1207 2696 43,
1226 2656 1356 2688 Archias
1382 2668 1506 2689 exorsus
1524 2665 1570 2690 est
1594 2660 1747 2700 explicare

410 2710 497 2751 qusli
521 2712 732 2755 παρασκευῇ
758 2711 855 2756 (conf.
884 2723 911 2744 c.
941 2709 988 2744 48
1013 2714 1079 2755 τῆς
1104 2706 1230 2756 δ’ἕμῆς
1254 2716 1511 2759 παρασκευῆς),
1530 2715 1748 2747 Demosthenes

410 2766 450 2796 nd
468 2772 594 2796 mortem
615 2777 690 2797 usus
712 2767 769 2807 sit,
796 2768 905 2798 iterum
925 2768 965 2798 ab
987 2768 1153 2807 Antipatro
1176 2770 1375 2808 praevertitur
1390 2794 1399 2811 ‚
1417 2772 1470 2811 qui
1496 2773 1613 2802 demum
1629 2784 1658 2805 e.
1678 2771 1738 2808 49,

412 2835 471 2854 rem
493 2823 586 2863 ipsam
613 2824 652 2855 ab
674 2835 710 2854 eo
730 2825 884 2865 comperit.
