2154 3500
1089 295 1143 335 50

509 419 694 462 Omnino
711 452 721 470 ,
750 417 866 473 quod
897 418 1058 476 alioqui
1087 419 1336 477 neutiquam
1358 419 1641 476 improbabile
1666 431 1779 473 erat,

448 514 468 537 a
502 497 688 540 Luciano
704 529 715 554 ,
732 493 917 551 juvenili
942 503 1103 548 aetate,
1138 495 1306 538 satirica
1330 496 1457 538 etiam
1480 499 1639 556 scripta
1664 513 1777 542 com-

447 576 584 629 posita
617 576 772 625 fuisse,
801 575 844 615 id
873 576 1049 630 quidem
1075 591 1097 616 e
1126 575 1299 615 servatis
1333 575 1426 629 ejus
1457 579 1658 631 operibus
1693 593 1778 620 non

445 656 755 709 comperimus,
791 661 922 710 atque
950 671 996 696 ea
1025 655 1166 705 etiam,
1196 670 1323 711 quae,
1350 662 1398 695 ut
1425 656 1677 711 Navigium,
1707 659 1777 700 Sa-

448 732 652 784 turnalia,
686 732 925 784 Parasitus,
959 733 1144 774 Deorum
1186 740 1227 775 et
1261 732 1550 775 Meretricium
1590 734 1781 793 dialogi,

444 816 620 865 propter
653 809 871 851 mitiorem
904 811 1157 853 sententiam
1184 810 1247 851 vel
1279 809 1482 851 leviorem
1506 810 1657 865 jocum
1680 813 1777 855 reli-

444 888 541 944 quis
574 888 720 942 priora
760 889 890 930 fuisse
921 889 1055 931 videri
1094 896 1319 944 poterant,
1353 898 1494 932 tamen
1531 891 1586 933 ab
1618 892 1778 934 otiante

443 964 637 1019 profecta
663 980 752 1007 esse
780 974 981 1021 apparet,
1010 966 1167 1021 partim
1190 966 1285 1007 aliis
1312 966 1481 1008 indiciis
1497 1000 1508 1018 ,
1527 967 1683 1022 partim
1705 982 1777 1010 co-

442 1045 556 1087 mico
588 1045 750 1102 dialogi
780 1060 963 1102 genere,
997 1046 1043 1087 in
1072 1046 1188 1103 quod
1218 1045 1367 1087 relicta
1402 1047 1588 1088 oratoria
1613 1047 1777 1102 profes-

442 1122 558 1163 sione
585 1137 683 1164 eum
709 1123 955 1164 incubuisse
979 1123 1113 1178 ipsius
1140 1123 1184 1164 in
1205 1123 1275 1164 Bis
1301 1123 1511 1165 Accusato
1534 1124 1777 1166 testimonio

442 1208 620 1244 constat.

499 1357 670 1398 Diutius
711 1358 960 1398 commorati
988 1372 1132 1398 sumus
1172 1358 1218 1399 in
1258 1357 1530 1399 recensendis
1558 1357 1777 1412 prioribus

439 1434 614 1475 Luciani
650 1435 842 1489 scriptis,
877 1436 980 1490 quia
1001 1468 1011 1484 ‚
1048 1433 1245 1492 neglecta
1277 1434 1492 1477 rhetorica
1530 1449 1678 1477 eorum
1708 1435 1777 1477 in-

440 1512 537 1554 dole
553 1545 563 1563 ‚
598 1511 807 1566 ejusmodi
837 1527 890 1554 ex
916 1513 968 1553 iis
992 1513 1172 1554 Luciani
1201 1513 1452 1554 sententiae
1479 1520 1521 1555 et
1543 1511 1777 1554 scribendi

439 1589 640 1631 consilia
672 1590 861 1632 derivata
892 1591 1070 1632 fuerunt
1091 1623 1101 1640 ,
1135 1604 1245 1647 quae
1274 1591 1431 1646 partim
1466 1605 1552 1632 non
1586 1590 1775 1632 Luciano

436 1668 570 1725 magis
601 1681 731 1723 quam
756 1668 831 1709 alii
862 1668 997 1709 cuivis
1014 1701 1024 1719 ‚
1048 1668 1205 1723 partim
1227 1668 1302 1710 alii
1332 1668 1468 1710 cuivis
1492 1667 1627 1725 magis
1644 1681 1773 1725 quam

436 1745 622 1786 Luciano
649 1745 824 1799 propria
852 1752 965 1787 sunt.
999 1746 1047 1786 In
1068 1745 1185 1786 tanta
1206 1759 1328 1795 vero,
1357 1745 1518 1802 quanta
1539 1745 1776 1801 gaudemus

435 1822 719 1878 posteriorum
760 1821 938 1863 Luciani
978 1821 1236 1877 scriptorum
1278 1822 1425 1878 copia,
1457 1822 1641 1864 nolimus
1669 1836 1773 1864 sane

433 1900 477 1943 id
499 1915 628 1958 agere
645 1933 656 1952 ,
690 1899 806 1957 quod
833 1915 858 1940 a
886 1899 1130 1955 scriptionis
1158 1898 1290 1953 hujus
1321 1899 1518 1941 instituto
1549 1906 1771 1956 praeterea

433 1978 623 2020 alienum
653 1979 788 2029 foret,
824 1985 872 2018 ut
907 1977 1159 2019 Luc-{aneas
1191 1976 1424 2018 scribendi
1451 1978 1648 2018 virtutes
1683 1978 1769 2018 sin-

437 2057 616 2112 gulatim
644 2057 690 2098 in
717 2057 837 2098 hisce
873 2057 1180 2111 perlustremus
1208 2063 1283 2098 aut
1311 2056 1462 2098 crebra
1492 2057 1538 2097 in
1570 2055 1621 2096 iis
1659 2055 1771 2097 desi-

437 2149 570 2190 gnare
590 2135 767 2191 vestigia
794 2148 998 2176 conemur
1031 2133 1147 2174 illius
1171 2132 1447 2190 antiquorum
1480 2132 1770 2188 exemplorum

435 2212 586 2264 studii,
610 2211 733 2267 cujus
763 2219 923 2270 quanta
953 2211 995 2252 in
1020 2210 1181 2266 juvene
1207 2210 1396 2253 Luciano
1422 2209 1647 2268 diligentia
1675 2211 1770 2253 fue-

437 2292 516 2342 rit,
556 2291 797 2347 quantique
828 2298 972 2345 postea
997 2291 1051 2331 ab
1080 2305 1129 2331 eo
1154 2290 1379 2331 efficacitas
1395 2288 1540 2330 habita
1568 2289 1644 2339 sit,
1672 2303 1769 2330 mox

435 2371 554 2412 locus
585 2370 666 2412 erit
693 2369 833 2425 ipsum
862 2376 1170 2410 asseverantem
1191 2366 1409 2409 audiendi.
1445 2365 1685 2420 Deperditis
1702 2365 1768 2406 vel

433 2449 487 2490 ab
524 2448 615 2502 ipso
658 2462 744 2489 non
783 2446 907 2488 editis
939 2445 1067 2502 longe
1106 2443 1320 2503 plerisque
1349 2442 1593 2499 sophisticis
1636 2443 1769 2484 nostri

434 2525 662 2582 operibus,
703 2523 893 2567 dubitari
931 2523 1061 2579 possit
1091 2537 1195 2565 num
1223 2537 1245 2564 e
1279 2521 1451 2564 servatis
1482 2520 1579 2563 satis
1608 2519 1765 2577 proba-

434 2604 577 2646 biliter
616 2602 879 2645 rhetoricum
914 2601 1005 2656 ejus
1047 2600 1362 2652 characterem,
1397 2600 1473 2656 qui
1504 2599 1691 2650 dicitur,
1724 2606 1767 2641 et

433 2681 582 2722 merita
617 2694 789 2722 censere
825 2680 967 2721 liceat.
1003 2679 1307 2721 Verumtamen
1351 2678 1395 2718 in
1431 2677 1507 2729 ea,
1542 2691 1627 2733 qua
1657 2690 1764 2732 pau-

432 2760 547 2803 ciora
575 2759 733 2803 haecce
768 2760 877 2802 inter
894 2774 938 2801 se
963 2757 1161 2800 distincta
1198 2756 1555 2813 sunt‚varietate‚
1589 2768 1761 2813 quaque
