2154 3500
1060 294 1116 334 60

425 423 627 458 sostomus
677 424 718 458 et
774 418 904 473 ipsius
945 427 1081 462 aetate
1124 419 1270 462 Aelius
1318 420 1539 469 Aristides,
1570 424 1758 466 fuerunt.

490 496 610 549 Quae
636 496 769 540 altera
797 497 852 540 ab
885 513 934 540 eo
956 498 1001 541 in
1028 497 1280 541 Rhetorum
1303 497 1603 558 Praeceptore
1629 501 1761 544 ardua

432 580 473 614 et
505 573 635 630 longa
668 582 710 615 et
736 589 884 630 aspera
924 576 991 619 via
1025 584 1312 628 monstratur,
1350 590 1428 632 per
1469 578 1762 620 Demosthenis

430 665 478 692 ea
492 650 693 703 Platonis,
709 651 948 706 Aeschinis,
970 655 1180 708 Isocratis,
1193 655 1375 698 aliorum
1390 654 1568 713 antiqua
1588 656 1762 711 vestigia

430 728 551 770 ducit
586 729 614 771 ¹.
661 729 841 772 Severus
883 731 1000 774 illius
1039 732 1121 775 dux
1166 732 1367 775 viatorem
1401 731 1553 787 jubet:
1606 732 1763 789 ζηλοῦν

430 808 621 858 ἐκείνους
648 811 746 857 τούς
780 810 990 867 ἀρχαίους
1014 811 1179 868 ἄνδρας
1199 822 1230 861 ²,
1262 819 1303 853 et
1339 810 1555 854 versandis
1591 810 1764 852 illorum

431 883 599 941 scriptis
644 899 776 942 quam
820 887 1057 942 plurimum
1091 896 1133 930 et
1177 888 1379 945 temporis
1421 896 1463 930 et
1509 887 1762 943 diligentiae

431 964 695 1020 impendere.
732 966 847 1008 Haec
878 966 1012 1023 igitur
1038 967 1127 1017 via,
1152 982 1237 1009 non
1266 966 1388 1024 quasi
1408 967 1531 1008 nimis
1554 965 1764 1022 quaedam

433 1042 644 1087 laboriosa
673 1052 747 1087 aut
767 1045 946 1101 antiqua
968 1046 1175 1100 μεθόδος,
1210 1045 1334 1088 alteri
1354 1061 1379 1088 a
1411 1045 1598 1088 Luciano
1632 1059 1765 1100 oppo-

434 1120 575 1172 nitur,
606 1121 729 1178 quasi
763 1121 808 1162 in
838 1120 1030 1176 pejorem
1062 1121 1265 1164 duntaxat
1301 1129 1464 1177 partem
1494 1129 1706 1164 extremae
1727 1123 1762 1173 ³3

431 1211 517 1252 quo
563 1197 676 1251 facto
716 1198 847 1252 plane
890 1198 1118 1255 langueret
1151 1197 1415 1240 admirabilis
1447 1198 1611 1248 ironia,
1657 1212 1765 1255 quae

486 1361 499 1379 ²
528 1361 588 1393 Rh.
607 1361 712 1393 Praec.
737 1373 764 1392 c.
789 1360 831 1401 9,
853 1360 917 1402 10,
940 1360 993 1395 17.

481 1425 495 1442 2
522 1424 603 1456 Ibid.
625 1437 652 1456 c.
672 1424 705 1456 9.

477 1487 494 1509 3
524 1489 579 1519 Dr.
599 1488 650 1519 Fr.
670 1489 812 1527 Cramer,
832 1490 865 1520 in
884 1489 1066 1520 Geschichte
1084 1490 1138 1519 ‹ler
1153 1489 1273 1520 Erzieh.
1291 1490 1331 1520 im
1344 1490 1477 1524 Alterth.
1498 1490 1554 1523 Th.
1574 1489 1620 1530 ΙΙ,
1632 1490 1663 1521 S.
1681 1489 1762 1523 728.

435 1557 450 1575 ε(
467 1543 504 1574 ln
530 1544 583 1575 der
611 1543 733 1574 Redner
757 1543 867 1575 Sohule
898 1544 1018 1575 scheint
1046 1544 1201 1575 Lucianus
1228 1544 1335 1585 nicht,
1360 1545 1418 1576 wie
1444 1544 1542 1576 Jacob
1567 1546 1663 1576 meint
1676 1570 1686 1586 ,
1714 1546 1764 1576 die

430 1605 511 1629 erste
527 1599 635 1629 Weise
655 1600 821 1629 besonders
838 1599 941 1629 haben
956 1599 1127 1638 empfehlcn
1144 1599 1259 1629 wollen
1270 1622 1279 1638 ‚
1298 1601 1430 1630 sondern
1449 1601 1505 1630 wir
1529 1600 1597 1630 sind
1616 1600 1765 1630 vielmehr

430 1655 485 1686 der
501 1653 632 1686 Ansicht
650 1654 720 1685 dass
737 1666 771 1686 er
789 1655 821 1686 in
842 1656 941 1687 dieser
958 1654 1074 1687 schrift
1091 1654 1150 1687 dio
1171 1654 1295 1687 beiden
1309 1656 1573 1688 ‘methodi-when
1597 1656 1765 1687 Extremo

430 1714 463 1741 in
485 1713 538 1742 der
555 1711 795 1741 Beredtsamkeit
818 1712 1014 1752 aufgestelt.»
1044 1712 1102 1742 vir
1117 1712 1328 1742 doctissimus:
1347 1712 1449 1743 Jacob
1464 1712 1601 1746 omnino,
1614 1722 1685 1750 prae
1705 1712 1766 1741 sin-

427 1766 528 1808 gulari
542 1771 572 1798 et
589 1765 718 1797 Luciani
736 1772 768 1797 et
789 1766 914 1798 virtutis
930 1766 1030 1798 civilis
1047 1776 1168 1807 amore,
1190 1767 1357 1799 studiosius
1374 1768 1407 1799 in
1426 1767 1525 1799 altero
1543 1768 1671 1799 alteram
1697 1778 1764 1798 am—

428 1822 520 1861 plecti
539 1828 668 1854 conatus
686 1828 761 1861 ests
775 1822 829 1852 ubi
846 1823 885 1853 de
907 1822 967 1853 lux.
985 1822 1195 1862 Praeceptoris
1215 1824 1347 1854 consilio
1365 1824 1508 1865 conjecit.
1539 1834 1557 1853 α
1570 1822 1630 1855 Ein
1648 1829 1765 1854 ernstes

428 1878 492 1909 und
510 1877 714 1909 anhaltendes
741 1877 882 1909 Studium
906 1877 960 1909 der
975 1877 1266 1910 Demostheniscben
1284 1879 1402 1911 Werke
1418 1879 1577 1911 wurde—
1591 1888 1626 1909 so
1644 1878 1765 1910 moohte

430 1935 547 1966 Lucian
557 1935 679 1965 denken
691 1952 728 1959 —-
739 1935 790 1966 die
809 1935 1024 1975 Zeitgenossen
1042 1945 1105 1965 von
1121 1934 1267 1965 mancher
1285 1935 1454 1977 Verirrung
1472 1934 1632 1976 abgefiihrt
1652 1933 1718 1965 und
1731 1934 1763 1965 in

428 1992 524 2022 ihnen
547 1991 600 2022 ein
623 1990 810 2022 lehhafteres
837 1990 989 2022 Interesse
1014 1992 1067 2022 fiir
1094 1991 1149 2021 das
1164 1990 1339 2022 Praetische
1358 1991 1423 2021 und
1440 1991 1493 2022 ffir
1507 1990 1558 2022 ein
1575 1990 1628 2022 der
1645 1989 1762 2022 rende-

427 2059 506 2088 rung
533 2048 586 2078 des
612 2046 853 2077 Staatszweckes
878 2046 1070 2087 gewidmetes
1090 2046 1191 2077 Leben
1211 2047 1328 2076 erwekt
1351 2046 1488 2079 haben.»
1515 2045 1606 2077 Char.
1625 2045 1658 2077 S.
1680 2043 1757 2077 101.

432 2103 594 2145 Ejusmodi
622 2102 767 2144 cogitatio
787 2108 867 2133 certe
884 2113 948 2133 non
964 2102 1057 2133 facile
1076 2101 1109 2132 in
1126 2101 1294 2132 Lucianum
1314 2100 1474 2137 ceciderit3
1502 2100 1554 2131 sed
1574 2110 1662 2131 omne
1678 2100 1763 2131 aliud

428 2166 474 2190 est
485 2182 494 2200 ,
512 2159 595 2200 quod
612 2159 691 2190 idem
720 2159 795 2190 ibid.
814 2164 895 2189 recte
914 2158 1063 2197 attendit,
1085 2157 1252 2189 Lueianum
1271 2157 1437 2188 severiores
1462 2157 1605 2197 antiquos
1622 2157 1763 2189 homines

426 2216 459 2246 in
482 2215 633 2245 rhetorica
658 2215 750 2245 duces
772 2215 1008 2245 commendasse.
1033 2214 1066 2244 Si
1091 2224 1196 2244 verum
1226 2214 1285 2251 sit,
1307 2213 1389 2253 quod
1406 2223 1475 2243 cum
1493 2212 1618 2243 Rankio
1636 2214 1762 2244 crame-

428 2280 480 2301 rus
509 2275 614 2310 putat,
647 2269 804 2300 Pollucem
830 2270 862 2300 in
888 2269 948 2301 Rh.
977 2269 1028 2300 Pr.
1058 2269 1179 2309 notari,
1207 2275 1238 2300 et
1258 2268 1285 2300 si
1302 2268 1374 2300 huic
1395 2279 1413 2299 a
1433 2268 1569 2300 Lucieno
1590 2275 1761 2310 opponatur

428 2325 568 2365 sophista
595 2325 741 2357 Chrestus
763 2331 797 2355 ut
816 2323 960 2365 ἡγεμὼν
976 2325 1041 2365 τῆς
1060 2324 1234 2368 τραχείας
1257 2322 1346 2356 ὁδοῦ
1358 2345 1369 2362 ,
1397 2334 1461 2354 non
1478 2324 1564 2355 aliud
1581 2324 1652 2355 inde
1669 2335 1761 2363 appa—

428 2389 515 2422 reat,
534 2393 626 2422 quam
646 2381 814 2413 Lucianum
834 2381 867 2411 in
889 2380 1017 2412 Chresto
1037 2380 1218 2419 peculiarem
1238 2381 1399 2421 quamdam
1420 2380 1600 2420 disciplinae
1618 2380 1760 2411 severita-

426 2444 485 2468 tem
502 2444 533 2468 et
551 2439 748 2478 antiquorum
769 2437 975 2475 exemplorum
993 2436 1126 2467 studium
1138 2436 1409 2477 probasse.Neque
1426 2436 1508 2467 enim
1526 2437 1649 2475 probari
1659 2442 1760 2476 potest

425 2493 583 2525 Chrestum
610 2493 762 2534 quoddam
787 2492 991 2524 methodi-:um
1013 2498 1180 2523 extremum
1209 2492 1418 2524 retulisse.—
1439 2491 1498 2523 Sed
1523 2497 1679 2531 praeterea
1694 2501 1758 2523 non

425 2556 471 2580 nst
500 2550 661 2589 probabile
689 2550 850 2581 Chrestum
869 2560 886 2579 a
923 2548 1058 2579 Luciano
1086 2548 1288 2589 significatum
1321 2548 1416 2578 fuisse
1427 2571 1436 2588 ‚
1468 2547 1518 2579 vel
1544 2553 1664 2588 propter
1698 2547 1757 2578 hoc

425 2617 531 2644 uuum,
554 2605 636 2646 quod
653 2605 726 2636 Luc.
738 2604 878 2636 insevcri
897 2604 985 2634 ducis
1003 2604 1121 2644 legibus
1144 2604 1324 2634 nominatim
1344 2603 1413 2645 τὴν
1434 2602 1683 2635 ὑδατοποσίαν
1705 2614 1759 2634 re·-

423 2668 545 2702 ‹-cnset,
564 2661 624 2696 Rh.
643 2661 694 2694 Pr.
716 2673 744 2693 c.
759 2660 800 2702 9,
822 2672 915 2702 quum
936 2660 973 2692 de
995 2659 1121 2692 Chresto
1142 2660 1273 2692 Philost.
1293 2659 1449 2701 retulerit,
1470 2673 1537 2692 eum
1558 2671 1620 2692 non
1635 2660 1757 2701 quidem

422 2718 592 2758 ebriosum,
615 2725 748 2749 attamen
770 2719 909 2749 vinosum
928 2718 1021 2749 tuisse
1037 2729 1043 2750 :
1058 2719 1079 2748 l.
1098 2718 1129 2747 11
1150 2742 1157 2758 2
1176 2717 1211 2748 ll
1231 2742 1237 2756 ‚
1258 2718 1274 2760 §i
1291 2716 1324 2758 2,
1346 2714 1452 2749 Οἴνον
1473 2716 1512 2749 <53
1534 2717 1755 2759 ηττώμειός,

422 2773 606 2816 παροινίας
628 2772 779 2817 ἐκράτει.
