2154 3500
1005 231 1058 272 49

371 365 486 422 apud
510 365 720 406 Romanos
739 361 889 404 fecisse
912 359 1012 402 artis
1048 373 1149 400 suae
1186 358 1568 403 commendandae.
1595 359 1707 402 Tum

371 449 446 483 aut
481 439 608 483 fallor
646 439 944 490 vehementer,
983 445 1057 479 aut
1095 444 1136 479 et
1166 436 1467 494 disputationis
1503 454 1635 481 nexus
1665 447 1707 481 et

370 520 455 563 loci
481 518 652 563 habitus
676 520 722 563 in
751 517 1014 562 Hermotimo
1047 517 1133 559 sive
1162 516 1332 577 dialogo
1361 518 1414 560 de
1441 518 1575 560 Sectis
1605 532 1705 574 pos-

372 599 502 650 tulat,
527 607 576 641 ut
603 599 694 642 illic
713 600 902 656 aliquem
924 595 1220 653 philosophiae
1237 597 1289 639 de
1315 597 1461 640 schola
1489 598 1706 640 doctorem

369 677 631 735 cogitemus,
663 677 782 735 quali
811 675 994 718 maxime
1020 674 1170 717 infelix
1209 675 1494 719 Hermotimus
1530 690 1707 733 praece-

368 762 489 810 ptore
515 756 730 799 utebatur.
763 755 965 811 Nigrinus
990 760 1163 804 contra,
1190 754 1267 795 etsi
1292 754 1535 797 Platonicus
1555 763 1583 806 ¹,
1606 769 1705 811 pra-

369 832 523 874 cticam
547 833 813 889 potissimum
837 832 1064 890 profitetur
1097 829 1411 888 philosophiam
1427 845 1443 869 ²
1484 840 1526 875 et
1551 847 1620 876 eas
1648 833 1704 876 de

366 897 452 951 *vita
484 919 527 953 et
552 912 742 954 moribus
773 911 1003 953 sententias
1030 910 1241 965 explicat,
1275 924 1382 967 quas
1410 912 1700 953 efficacissime

366 989 506 1043 ipsum
542 991 778 1032 Lucianum
814 990 996 1031 satiricis
1028 990 1114 1030 suis
1156 991 1327 1045 scriptis
1360 991 1406 1031 in
1448 991 1591 1031 lucem
1627 1006 1702 1046 po-

366 1067 498 1109 suisse
526 1068 774 1111 videbimus.
810 1068 1063 1110 Praeterea
1088 1067 1326 1119 Lucianus,
1362 1068 1445 1110 nisi
1473 1068 1701 1111 admodum

364 1144 509 1187 servili
548 1146 712 1189 ratione
750 1146 878 1189 unice
914 1146 959 1189 in
997 1146 1137 1188 aliena
1164 1146 1293 1188 verba
1309 1144 1550 1201 juraverit,
1584 1145 1701 1188 hunc

299 1269 304 1273 ,
363 1222 524 1266 librum
546 1230 637 1265 tum
665 1223 837 1267 demum
858 1224 1046 1266 scribere
1069 1224 1234 1281 potuit,
1257 1238 1392 1281 quum
1407 1223 1498 1279 jam
1522 1224 1627 1265 alias
1649 1239 1699 1265 ac

364 1303 525 1345 diutius
552 1306 711 1347 Romae
738 1312 925 1346 versatus
940 1306 1095 1346 fuerat.
1129 1305 1188 1347 Ea
1216 1304 1330 1345 enim
1353 1304 1698 1359 opportunitate,

366 1395 452 1438 qua
490 1397 533 1423 se
570 1382 796 1439 Nigrinum
836 1382 1029 1425 invisisse
1072 1382 1204 1434 dicit,
1250 1382 1501 1424 brevissimo
1536 1389 1701 1424 tantum

364 1469 555 1516 tempore
579 1461 669 1502 illic
700 1469 886 1503 moratus
905 1469 980 1504 est.
1014 1460 1061 1503 ln
1089 1461 1240 1504 urbem
1268 1476 1311 1503 se
1340 1461 1582 1503 contulerat
1615 1476 1700 1503 non

360 1539 412 1582 ad
441 1538 696 1581 rhetoricam
717 1546 850 1581 artem
881 1538 1183 1590 exercendam,
1203 1538 1275 1581 sed
1299 1546 1347 1580 ut
1372 1539 1597 1581 oculorum
1612 1554 1700 1581 me-

361 1617 508 1659 dicum
537 1616 618 1659 sibi
649 1616 1028 1671 circumspiceret³
1043 1623 1084 1658 et
1098 1630 1193 1658 mox
1212 1616 1365 1672 inipso
1386 1615 1549 1673 dialogi
1572 1617 1700 1659 initio

355 1692 446 1746 jam
465 1692 565 1735 inde
591 1706 782 1734 reversus
808 1699 998 1747 apparet.
1032 1692 1167 1733 Mores
1190 1699 1335 1734 autem
1359 1699 1400 1734 et
1420 1692 1699 1734 domesticam

361 1772 489 1812 vitam
515 1772 805 1812 Romanorum
830 1785 879 1811 ex
911 1784 1090 1825 persona
1123 1771 1293 1827 Nigrini
1322 1785 1372 1813 eo
1395 1770 1522 1813 modo
1551 1778 1698 1826 notat,

358 1862 446 1904 quo
476 1863 531 1890 ne
561 1854 656 1902 post
687 1847 880 1889 auditum
910 1847 1085 1903 quidem
1108 1848 1297 1890 alienum
1326 1861 1560 1890 sermonem
1608 1848 1702 1890 fieri

357 1926 401 1969 id
440 1925 630 1983 potuerit
664 1925 719 1969 ab
759 1923 933 1967 homine
975 1925 1051 1983 qui
1085 1925 1261 1967 Romam
1295 1932 1386 1968 tum
1428 1925 1614 1982 primum
1657 1933 1698 1967 et

357 2004 518 2044 cursim
546 2004 732 2045 vidisset.

417 2190 430 2209 ¹
447 2189 666 2222 Immoderatus
689 2192 810 2231 quidem
833 2192 1066 2232 Philosophieus
1104 2191 1358 2230 ἐνθανσιασμὸς
1376 2192 1406 2222 in
1432 2192 1505 2223 libri
1523 2195 1647 2225 exordio
1665 2201 1694 2226 et

356 2245 415 2274 line
434 2244 590 2275 affectatur
602 2268 611 2284 ,
628 2247 708 2276 unde
725 2247 929 2286 delossems,
948 2247 980 2277 iu
1001 2249 1024 2278 1.
1046 2247 1104 2286 Op.
1116 2258 1146 2286 p.
1163 2245 1240 2277 222.
1265 2259 1282 2277 «
1293 2247 1382 2278 Die-se
1400 2248 1513 2279 Schrift
1530 2251 1688 2280 verbinjet

356 2300 411 2332 mit
435 2300 561 2332 bitterer
588 2301 695 2343 Satyre
731 2302 979 2335 schwiirmenden
1007 2303 1224 2335 Platonismus.
1241 2314 1258 2334 i)
1295 2303 1353 2334 Sed
1376 2310 1584 2344 praeterquam
1604 2307 1687 2346 quod

361 2353 455 2390 ipsius
473 2354 613 2394 Nigrini,
634 2357 688 2394 qui
702 2357 734 2386 in
755 2357 835 2387 libro
851 2359 1025 2388 reseruntur
1036 2382 1044 2397 ,
1065 2369 1218 2389 semones
1236 2360 1274 2389 ab
1294 2360 1443 2397 ejusmodi
1459 2360 1595 2389 fanatico
1615 2361 1692 2392 1³1⁸-

353 2409 486 2440 tunimo
503 2410 593 2452 plane
614 2412 762 2444 immunes
781 2420 852 2444 sunt
866 2437 874 2453 ‚
894 2414 985 2445 etiam
1004 2414 1084 2456 apud
1103 2415 1170 2454 ejus
1186 2414 1352 2445 auditorem
1375 2414 1490 2455 dialogi
1514 2415 1614 2455 potius
1641 2428 1692 2448 co-

353 2464 647 2498 mico—rhetoricum
671 2475 832 2509 ornatum,
859 2480 949 2509 quam
975 2481 1080 2501 verum
1102 2471 1197 2501 animi
1214 2471 1352 2502 affectum
1376 2471 1408 2500 in
1425 2481 1462 2502 eo
1485 2474 1690 2511 quaerendum

351 2531 417 2550 esse
433 2521 544 2560 passim
564 2522 699 2556 dilucide
718 2531 859 2566 apparet3
880 2526 943 2557 vid.
960 2537 1008 2557 ex.
1030 2537 1057 2557 c.
1074 2527 1098 2557 l.
1118 2526 1141 2557 l.
1164 2538 1191 2557 e.
1211 2526 1249 2567 l,
1269 2526 1291 2557 5
1306 2551 1314 2566 ‚
1337 2526 1379 2558 10
1393 2533 1423 2557 et
1440 2527 1508 2558 init.
1532 2525 1585 2558 12.

399 2593 413 2609 ²
441 2585 559 2627 Nigriu.
580 2598 606 2618 c.
623 2586 688 2624 26,
711 2601 756 2632 sq.
786 2603 813 2622 c.
838 2591 896 2628 193
919 2594 1001 2624 conf.
1028 2593 1092 2623 veri
1109 2592 1287 2634 Philosophi
1307 2593 1503 2637 κριτήριον,
1526 2594 1554 2623 in
1578 2594 1691 2625 Pis-eat.

352 2650 379 2669 c.
408 2638 461 2670 46.

409 2706 425 2727 5
457 2705 538 2747 Nigr.
558 2719 584 2739 e.
606 2707 648 2749 2,
671 2712 700 2742 4.
