2154 3500
1039 272 1093 310 59

398 398 537 440 verbis
594 397 765 438 vetustis
819 404 861 437 et
922 395 1221 454 confingendis
1272 394 1473 438 inauditis
1511 396 1717 454 exquisite

398 472 571 516 dicendi
614 473 785 516 laudem
820 464 1029 516 contineri
1062 480 1284 517 censerent
1304 506 1316 525 ,
1353 471 1592 527 subjectam
1631 487 1721 515 ma·

400 551 550 594 teriem
576 551 635 595 ita
668 551 806 594 solum
842 549 1092 603 curabant‚'
1112 552 1175 594 uti
1207 551 1387 594 maxime
1416 565 1466 594 ea
1500 550 1724 592 inserviret

400 630 569 673 fucatae
590 638 632 674 et
647 646 672 674 a
690 638 862 687 recepto
877 645 959 672 usu
971 629 1237 672 abhorrentis
1250 630 1448 673 dictionis
1464 628 1681 685 splendori
1694 622 1725 671 ’ζ

400 708 453 752 In
481 710 654 768 egregia
684 710 811 753 etiam
837 708 1123 767 disputatione
1150 706 1204 750 de
1227 708 1368 760 modo,
1399 723 1485 767 quo
1503 707 1723 750 Historia

404 776 735 830 Conscribenda
757 788 835 841 sit,
864 789 942 830 etsi
967 803 1054 830 non
1082 802 1204 845 epsos
1220 788 1487 844 potissimum
1518 785 1725 843 sophistas

399 880 623 923 aggressus
655 875 717 909 est
732 899 744 919 ‚
775 882 825 909 ea
847 867 1082 909 identidem
1110 867 1241 908 refert
1262 898 1274 916 ‚
1296 873 1338 907 et
1357 880 1456 908 vera
1483 880 1526 908 se
1557 866 1718 907 referre

395 951 631 998 asseverat,
665 944 1067 987 absurdissimarum
1094 942 1408 989 rhetoricarum
1444 942 1724 999 scriptionum

395 1025 609 1078 exempla,
640 1025 798 1078 quibus
830 1026 957 1079 plane
989 1023 1247 1078 perspicias,
1272 1029 1476 1079 quantam
1502 1036 1592 1062 esse
1623 1035 1724 1061 ceu-

395 1101 528 1144 suerit
554 1101 876 1162 perversitatem
901 1101 1017 1144 illius
1047 1102 1287 1158 ῥητορείας,
1308 1116 1419 1158 quae
1442 1099 1568 1143 etiam
1590 1097 1725 1141 histo-

396 1177 484 1221 riae
511 1177 694 1221 fundum
717 1185 802 1222 tam
829 1192 966 1235 paene
988 1177 1239 1222 incredibili
1265 1177 1362 1220 labe
1392 1176 1602 1221 infecerat
1619 1181 1650 1220 2.

456 1257 493 1297 A
507 1257 768 1314 pervulgatis
787 1256 853 1298 his
872 1244 1096 1299 rhetorum
1112 1257 1275 1299 artibus
1291 1267 1307 1289 ³
1321 1255 1531 1298 diversam
1546 1268 1721 1310 prorsus

396 1335 524 1377 fuisse
556 1335 811 1391 disciplinae
840 1336 1048 1378 rationem
1071 1336 1273 1386 affirmat,
1303 1350 1432 1393 quam
1447 1335 1538 1390 ipse
1553 1341 1724 1376 secutus

398 1420 520 1455 esset.
540 1413 593 1455 In
609 1413 786 1471 reliquis
814 1414 1059 1470 aequalium
1076 1412 1228 1456 studiis
1255 1413 1531 1471 moribusque
1546 1426 1724 1455 censen—

395 1489 488 1542 dis,
522 1489 804 1546 reprehensor
832 1491 967 1548 magis
995 1489 1236 1546 pravitatis,
1266 1504 1396 1546 quam
1410 1505 1510 1532 vero
1540 1490 1725 1545 optimae

397 1568 569 1611 rationis
604 1567 922 1611 commendator
940 1576 995 1611 ·et
1019 1576 1275 1625 propagator
1305 1568 1409 1610 fuit:
1437 1567 1506 1619 id,
1534 1566 1650 1625 quod
1668 1568 1726 1609 ita

395 1640 712 1689 fieri'debuisse
745 1662 793 1689 ex
822 1646 956 1703 ipsius
993 1646 1169 1705 ingenio
1208 1653 1353 1702 postea
1389 1645 1719 1702 explicabimus,
1766 1691 1770 1696 ,

393 1724 437 1767 in
474 1723 613 1766 literis
642 1737 741 1767 vero
768 1724 946 1780 propius
980 1738 1029 1766 eo
1060 1723 1263 1775 accessit,
1292 1731 1340 1765 ut
1368 1721 1494 1764 simul
1526 1736 1625 1764 cum
1659 1737 1725 1764 re-

391 1801 520 1855 jectis
564 1802 653 1842 aevi
696 1802 761 1842 sui
801 1801 1017 1843 erroribus
1047 1801 1156 1843 viam
1196 1801 1469 1858 designaret,
1502 1815 1612 1857 quae
1642 1800 1722 1853 ipsi

396 1886 504 1921 esset
529 1878 722 1935 probata.
757 1878 1024 1936 Φιλαρχαῒος
1048 1879 1094 1919 in
1121 1878 1172 1919 iis
1203 1878 1313 1929 fuit,
1347 1885 1396 1920 ut
1433 1877 1477 1919 in
1503 1885 1722 1932 praestan-

396 1958 576 2000 tioribus
614 1956 812 2013 sophistis
832 1963 931 1999 ante
958 1970 1054 1998 eum
1085 1956 1213 1998 etiam
1242 1956 1287 1997 in
1310 1955 1459 2010 primis
1488 1955 1566 1997 Dio
1591 1954 1722 2011 Chry-

441 2118 455 2137 ¹
487 2120 613 2161 Lexiph.
632 2132 659 2152 c.
679 2119 734 2152 24.
753 2121 816 2152 καὶ
835 2121 907 2163 μὴν
926 2119 1066 2153 κάκεῖνο
1084 2119 1124 2152 οὐ
1143 2120 1286 2165 μικρόν,
1302 2119 1436 2160 μᾶλλον
1452 2118 1494 2152 δὲ
1511 2122 1553 2152 τὸ
1563 2120 1728 2162 μέγιστον

394 2176 630 2221 ἁμαρτάνεις,
642 2175 698 2209 ὅτι
720 2175 760 2207 οὐ
781 2175 956 2221 πρότερον
974 2178 1039 2213 τὰς
1054 2175 1215 2213 διανοίας
1230 2176 1303 2208 τῶν
1320 2175 1446 2212 λέξεων
1459 2185 1729 2220 προπαρεσκευ-

398 2230 546 2270 ασμένος
559 2229 688 2263 ἔπειτα
704 2234 941 2269 κατακοσμεῖς
953 2235 1027 2267 τοῖς
1053 2228 1169 2273 ῥήμας
1193 2230 1254 2262 καὶ
1273 2234 1347 2267 τοῖς
1370 2228 1556 2270 ὀνόμασιν,
1575 2229 1667 2262 ἀλλὰ
1683 2230 1730 2273 ἦν

396 2296 467 2317 που
491 2284 589 2328 ῥῆμα
615 2284 766 2324 ἔκφυλον
791 2286 897 2331 εὕρῃς
919 2286 942 2327 ἢ
969 2285 1079 2322 αὐτὸς
1098 2285 1324 2325 πλασάμενος
1348 2287 1477 2328 οἰηθῇς
1494 2280 1586 2318 εἶναι
1602 2286 1730 2326 καλόν,

394 2341 513 2384 τούτῳ
541 2344 665 2384 ζητεῖς
680 2341 842 2373 διάνοιαν
858 2341 1056 2385 ἐφαρμόσαι
1072 2342 1135 2373 καὶ
1152 2343 1287 2384 ζημίαν
1305 2342 1395 2383 ἡγῇ,
1421 2341 1466 2373 ἂν
1484 2345 1533 2383 μὴ
1554 2344 1730 2386 παραβύ-

397 2405 459 2439 σῃς
476 2394 569 2428 αὐτό
588 2405 676 2436 που,
697 2395 763 2428 κᾶν
782 2396 833 2440 τῷ
849 2394 1025 2440 λεγομένῳ
1042 2392 1129 2440 μηδ’
1148 2396 1344 2440 ἀναγκαῖον
1360 2388 1393 2439 ἧ.
1413 2397 1500 2431 Cous.
1511 2398 1548 2428 de
1556 2398 1615 2429 hoc
1625 2398 1730 2439 sophi-

397 2454 541 2486 sticarum
558 2455 715 2486 literarum
735 2454 810 2485 vitio
820 2455 990 2486 Villoisoni
1011 2456 1142 2498 prolegg.
1163 2455 1201 2486 ad
1220 2455 1313 2496 Long.
1333 2455 1451 2488 Pastor.
1469 2465 1498 2493 p.
1512 2454 1643 2496 XXIII,
1659 2467 1727 2496 sqq.

441 2516 458 2536 ²
486 2518 576 2550 Conf.
595 2518 629 2550 in
647 2530 693 2559 pr.
714 2520 823 2561 Quom.
844 2519 921 2551 Hist.
942 2521 1065 2552 Conscr.
1084 2532 1113 2551 c·
1133 2517 1177 2551 26
1193 2526 1226 2552 et
1246 2518 1298 2560 43,
1320 2525 1349 2550 et
1371 2518 1538 2551 Her-manni
1554 2520 1725 2552 comment.

394 2586 423 2614 p.
443 2573 528 2615 loo,
548 2573 633 2615 162,
655 2573 732 2607 2611.

436 2638 452 2662 ⁵
475 2640 597 2672 Prolixe
622 2641 658 2672 de
686 2642 858 2674 rhetoribus
874 2649 904 2673 el
923 2642 1224 2679 1·hct‹irica„l,11cia11i
1248 2641 1356 2672 aetatis
1370 2641 1535 2682 disputavit
1550 2642 1632 2673 doct.
1652 2643 1720 2674 Car.

395 2698 505 2737 Georg.
534 2696 649 2738 Jacob,
681 2699 711 2729 in
740 2699 977 2731 Characteristik
1008 2695 1148 2730 Luniensss
1173 2699 1202 2729 S.
1225 2696 1396 2737 88-101,
1427 2698 1462 2728 ad
1489 2709 1576 2738 quem
1597 2699 1726 2730 lectores

394 2754 578 2795 ablegamus.
