2154 3500
1091 288 1144 329 52

453 436 500 462 ro
529 420 702 461 demum
718 451 729 470 ‚
753 432 831 460 nec
853 416 1039 471 juvenili
1065 416 1301 459 temeritate
1331 432 1428 460 euni
1456 421 1501 462 in
1521 420 1668 462 aetatis
1680 434 1779 462 suae

451 495 590 539 studia
616 494 897 538 insultavisse.
931 494 1084 537 Contra
1106 494 1151 536 in
1182 494 1351 551 optimis
1377 494 1616 552 juventutis
1637 498 1783 555 operi-

451 577 529 617 bus
545 608 556 627 ‚
576 575 623 616 in
650 573 799 629 primis
826 573 872 614 in
891 572 1073 631 dialogis
1096 572 1149 615 de
1177 573 1377 617 Amicitia
1400 588 1451 616 ac
1471 574 1524 617 de
1546 576 1783 634 Gymnasiis

454 661 496 696 ct
519 654 565 695 in
593 653 645 694 iis
675 651 1056 708 praefatiunculis,
1093 652 1169 694 ubi
1196 651 1247 694 de
1280 652 1365 695 suis
1401 653 1528 696 rebus
1559 662 1601 697 et
1635 655 1783 698 studiis

455 748 598 775 coram
631 733 899 775 auditoribus
931 732 1128 788 exponit,
1169 739 1255 774 tam
1289 747 1437 774 serena
1478 733 1612 775 enitet
1651 735 1783 777 animi

452 811 649 854 alacritas
666 844 676 863 ,
695 818 870 869 tamque
899 811 1039 854 nativa
1055 809 1303 864 jucunditas
1319 843 1329 861 ,
1348 818 1396 852 ut
1420 810 1562 853 minus
1586 811 1783 869 aliquan-

452 898 544 931 tum
574 890 807 947 miremur,
834 891 868 932 si
904 905 958 932 ne
997 898 1087 931 tum
1117 889 1313 946 quidem,
1351 903 1486 947 quum
1518 889 1571 931 de
1607 890 1783 932 veritate

453 976 495 1009 et
530 968 797 1022 perfectione
833 968 1124 1021 vehementius
1158 968 1382 1022 desperare
1410 967 1636 1021 coepisset,
1666 966 1783 1009 hunc

453 1046 575 1103 quasi
590 1046 813 1102 proprium
842 1053 1019 1088 naturae
1043 1045 1132 1099 ejus
1161 1044 1354 1087 habitum
1372 1059 1546 1100 prorsus
1572 1053 1781 1088 mutatum

449 1122 655 1166 videmus.
690 1122 928 1178 Conjuncta
953 1122 998 1165 in
1026 1122 1214 1165 Luciano
1244 1121 1350 1164 haec
1376 1122 1573 1165 alacritas
1599 1129 1661 1164 est
1683 1136 1781 1165 cum

452 1201 689 1242 cultissimo
709 1215 835 1241 sensu
853 1208 894 1241 et
921 1200 1061 1241 studio
1079 1202 1268 1243 Graecae
1291 1200 1579 1242 humanitatis.
1613 1201 1784 1256 Spirant

451 1281 557 1325 haec
589 1280 634 1322 in
664 1279 806 1323 Attica
822 1286 1065 1332 venustate,
1098 1295 1227 1339 quam
1256 1279 1473 1323 interdum
1500 1279 1663 1322 urbana
1683 1293 1781 1322 cnm

451 1355 646 1401 libertate
686 1359 890 1416 gloriatus
919 1366 982 1400 est
1016 1373 1081 1412 se,
1124 1359 1353 1402 barbarum
1388 1359 1492 1400 licet
1534 1356 1779 1410 hominem,

1052 1438 1081 1490 ¹,
1116 1447 1157 1480 et
1191 1455 1292 1480 vero
1327 1440 1374 1479 in
1403 1454 1452 1480 eo
1488 1452 1658 1486 amoro,
1695 1452 1781 1493 quo

449 1440 616 1494 scriptis
656 1440 740 1480 suis
773 1439 1024 1480 conciliasse

452 1518 495 1559 in
520 1518 669 1573 primis
694 1516 881 1559 Athenas
906 1516 1068 1560 dilexit.
1103 1518 1196 1560 Non
1224 1516 1462 1560 Lueianum
1488 1516 1709 1568 audimus,
1734 1525 1782 1559 ut

453 1596 651 1652 plerique
678 1594 891 1650 sophistae
923 1595 1142 1646 solebant,
1174 1594 1438 1637 Athenarum
1464 1602 1635 1650 tropaea
1669 1595 1780 1637 cele—

452 1676 646 1717 brantem
662 1706 672 1725 ,
692 1673 764 1715 scd
791 1673 868 1714 ubi
898 1688 1043 1715 earum
1074 1673 1220 1715 laudes
1240 1674 1304 1715 vel
1326 1672 1556 1728 sophistico
1575 1674 1752 1715 consilio
1771 1708 1781 1725 ‚

451 1753 514 1793 uti
538 1752 583 1793 in
599 1749 755 1808 Scytha
779 1766 810 1792 s.
840 1750 1017 1805 Hospite
1033 1783 1043 1801 ,
1068 1741 1264 1807 attingit,
1294 1751 1580 1794 delenimenta
1601 1759 1643 1793 et
1669 1752 1780 1794 bona

450 1836 657 1871 memorat
682 1828 727 1870 in
754 1828 995 1884 Ἑλληνικῇ
1021 1828 1201 1882 παιδείᾳ
1225 1828 1379 1884 posita,
1400 1836 1442 1870 ct
1473 1828 1672 1871 Solonem
1704 1828 1780 1871 ho-

450 1906 552 1963 spiti
580 1913 861 1948 monstratum
899 1905 1001 1947 facit
1031 1905 1294 1961 εΕλληνικὸν
1330 1907 1679 1962 κανόνα-δεῖγμα
1706 1912 1781 1962 τῆς

454 1986 711 2040 φιλοσοφίας
734 1991 808 2039 τῆς
839 1986 1056 2038 Ἀττικῆς
1084 1983 1114 2008 ²·
1147 1992 1189 2026 et
1218 1999 1317 2027 sane
1343 1999 1434 2026 eam
1464 1986 1649 2027 Atticam
1681 1985 1779 2041 phi-

452 2063 687 2119 losophiam
720 2078 843 2105 nemo
872 2063 1024 2104 melius
1052 2077 1180 2120 quam
1211 2062 1422 2105 Lucianus
1450 2064 1676 2118 expressit,
1704 2064 1780 2106 ubi

453 2142 639 2186 eundem
663 2142 863 2185 Solonem
894 2141 940 2183 in
971 2139 1261 2185 Anacharside
1289 2156 1365 2184 suo
1396 2141 1441 2184 in
1479 2155 1647 2186 scenam
1680 2157 1779 2199 pro-

499 2352 511 2376 ¹
539 2354 610 2389 vid.
625 2355 677 2386 Bis
687 2354 761 2386 Ace.
773 2365 799 2386 c.
810 2353 864 2386 34.
876 2354 956 2387 ἐπεὶ
973 2354 1045 2387 τῶν
1063 2367 1105 2397 γε
1122 2354 1235 2388 ἄλλων
1255 2354 1359 2388 ἕνεκα
1378 2355 1442 2388 οὐκ
1454 2355 1499 2388 ἂν
1513 2348 1610 2396 οἶμαι
1621 2356 1778 2396 μέμψαι-

454 2409 492 2441 τό
517 2423 575 2449 μοι
591 2409 621 2452 (ὃ
649 2409 846 2452 διάλογος),
878 2408 922 2446 ὡς
946 2411 1135 2450 θοιμάτιον
1160 2412 1271 2443 τοῦτο
1298 2412 1340 2443 τὸ
1361 2407 1578 2455 εΕλληνικὸν
1602 2413 1777 2457 περισπά-

449 2475 511 2502 σας
530 2464 644 2498 αὐτοῦ
668 2464 898 2510 βαρβαρικόν
925 2478 960 2498 τι
984 2467 1223 2507 μετενέδυσα,
1244 2468 1445 2501 καὶταῦτα
1462 2468 1649 2513 βάρβαρος
1670 2468 1780 2506 αὐτὸς·

450 2514 542 2553 εἶναι
560 2521 686 2553 δοκῶν.
707 2522 757 2553 Bis
768 2522 841 2556 Acc.
853 2534 880 2553 c.
891 2521 945 2556 30.
965 2522 1026 2553 καὶ
1045 2523 1113 2568 γὰρ
1130 2523 1324 2556 ἐπαίδευσε
1346 2520 1418 2564 (ἐμὲ
1436 2523 1458 2565 ἡ
1476 2517 1778 2569 *Ρητορικὴμκαὶ

449 2581 482 2615 ἐς
513 2579 598 2615 τοὺς
618 2572 805 2621 ‘'EM-qvae
830 2579 1019 2623 ἐνέγραψε,
1053 2580 1114 2611 καὶ
1133 2580 1227 2612 κατά
1246 2592 1287 2621 γε
1310 2581 1420 2612 τοῦτο
1444 2580 1548 2624 χάριν
1569 2579 1614 2611 ἂν
1639 2580 1778 2623 εἰδείην

455 2635 500 2679 τῷ
522 2634 632 2679 γάμῳ.
661 2635 770 2667 Zeuxis
793 2647 820 2666 c.
850 2634 881 2667 2.
915 2635 1060 2680 χάριτος
1084 2630 1261 2678 Ἀττικῆς
1279 2635 1301 2678 ἦ
1326 2634 1497 2682 ἁρμονίας
1515 2635 1537 2678 ἢ
1555 2636 1683 2680 τέχνης
1713 2638 1778 2679 τῆς

449 2687 500 2730 ἐφ’
525 2693 653 2731 ἅπασι,
674 2693 813 2725 τούτων
833 2691 875 2725 δὲ
894 2692 1014 2737 πόρρω
1039 2692 1118 2729 ἴσως
1141 2692 1288 2733 τούμόν.

499 2766 512 2782 ’·’
536 2769 639 2811 Scyth.
661 2782 683 2801 s.
704 2771 796 2811 nosp.
818 2783 843 2802 c.
867 2770 879 2803 l
899 2796 906 2812 ,
929 2770 959 2803 5.
