2154 3500
1040 239 1067 280 9

395 364 454 407 ita
479 370 658 420 utraque
697 364 858 417 studia,
892 366 997 423 quin
1034 365 1086 407 ad
1126 365 1238 407 idem
1275 366 1383 407 vitae
1412 378 1546 422 genus
1585 366 1716 421 perti-

397 440 583 484 nuerint.
617 440 742 495 Quod
768 441 968 485 nonnulli
987 440 1077 497 jam
1102 442 1302 498 suspicati
1324 456 1415 484 esse
1446 441 1645 484 videntur
1675 444 1712 492 ¹,

394 533 468 561 nos
495 518 592 561 data
622 533 750 575 opera
772 534 860 562 rem
884 516 1200 577 investigemus.

949 657 1166 665 ..--.,--

454 760 744 818 Sophistarum
769 760 996 817 antiquum
1016 758 1100 798 fuit
1123 772 1277 800 nomen
1301 767 1344 802 et
1369 768 1646 818 pervagatum
1671 761 1716 801 in

394 838 567 883 historia
599 839 862 883 Graecarum
892 836 1112 885 literarum
1134 869 1144 888 ,
1170 835 1244 879 sed
1274 836 1503 882 dissimiles¹
1531 840 1643 881 inter
1675 854 1719 882 se

395 917 577 961 rationes
604 917 779 960 diversis
796 914 1008 958 aetatibus
1037 914 1305 971 complexum
1333 923 1444 961 estz.
1492 917 1638 976 Longe
1677 918 1722 959 in

394 996 541 1052 primis
572 995 655 1038 alia
689 994 771 1036 fuit
802 993 909 1035 ratio
933 991 1236 1049 sophistarum,
1268 994 1343 1052 qui
1372 994 1556 1038 Socratis
1584 1002 1721 1037 aetate

390 1074 643 1125 floruerunt,
696 1080 824 1130 atque
842 1071 1017 1113 Luciani
1045 1071 1306 1128 aequalium.
1339 1073 1472 1115 Prisci
1500 1074 1567 1116 illi
1585 1073 1719 1116 Athe-

393 1150 604 1192 niensium
638 1149 832 1192 doctores
862 1154 947 1190 nou
988 1162 1116 1190 unam
1147 1149 1461 1207 eloquentiam3
1498 1151 1568 1193 sed
1594 1166 1719 1207 prae-

392 1235 457 1271 ter
484 1241 682 1287 magnam
712 1226 939 1287 quamdam
972 1224 1192 1269 doctrinae
1236 1227 1478 1271 varietatem
1500 1261 1511 1281 ,
1546 1228 1718 1271 civilem

394 1306 521 1348 etiam
545 1306 818 1362 prudentiam
844 1307 1167 1363 profitebantur.
1200 1306 1393 1360 Quorum
1419 1306 1498 1348 etsi
1522 1307 1597 1349 alii
1615 1305 1718 1349 rhe-

394 1390 547 1425 torum
568 1383 740 1426 nomine
756 1385 965 1440 appellari
995 1384 1211 1427 malebant
1230 1384 1244 1407 ³
1258 1416 1269 1435 ,
1309 1384 1384 1426 alii
1404 1392 1551 1427 contra
1566 1373 1719 1426 eximie

395 1462 627 1520 sophistae
664 1476 709 1503 se
741 1462 822 1518 ipsi
853 1450 1100 1518 jactabant,
1136 1470 1178 1505 et
1207 1461 1444 1504 dialecticis
1474 1461 1722 1518 disputatio-

392 1544 518 1587 nibus
568 1541 885 1600 disciplinfique
934 1541 1100 1584 virtutis
1134 1543 1150 1567 ⁴
1186 1538 1537 1598 philosophorum
1581 1547 1721 1598 partes

391 1621 607 1677 suscipere
655 1619 934 1672 videbantur3
988 1626 1129 1661 tamen
1166 1618 1212 1660 in
1236 1619 1402 1661 minore
1436 1618 1721 1674 discrepantia

396 1699 505 1741 illud
540 1699 641 1755 ipsis
675 1711 900 1740 commune
929 1696 1011 1738 fuit
1040 1697 1152 1737 inter
1183 1710 1252 1747 se,
1294 1696 1339 1738 in
1368 1709 1506 1753 eoque
1528 1711 1552 1738 a
1575 1710 1721 1738 recen-

393 1777 571 1819 tioribus
612 1774 766 1818 diversi
800 1775 1002 1826 suerunt,
1048 1782 1096 1816 ut
1131 1774 1386 1830 disciplinae
1426 1789 1573 1817 eorum
1610 1774 1719 1817 ratio

441 1931 451 1949 ¹
480 1932 553 1965 vid.
583 1942 631 1963 ex.
658 1943 703 1975 gr.
724 1932 758 1964 C.
783 1932 832 1963 Fr.
858 1931 1018 1972 Rankius,
1041 1933 1075 1963 in
1107 1932 1222 1963 Comm.
1250 1931 1364 1962 Pollux
1389 1938 1421 1963 et
1449 1931 1523 1963 Luc.
1550 1932 1717 1974 Quedlinb.

394 1985 493 2018 1831.
514 1998 544 2027 p,
564 1985 620 2019 26.

440 2049 456 2069 2
480 2049 524 2083 De
542 2051 651 2082 latiore
666 2050 798 2082 nominis
816 2062 892 2092 usu,
908 2052 992 2083 conf.
1006 2050 1151 2092 vossius,
1168 2051 1205 2081 (le
1222 2050 1313 2082 Rhet.
1333 2051 1441 2082 Natur.
1454 2062 1490 2082 ac
1500 2051 1606 2084 Const.
1620 2075 1630 2093 ,
1640 2051 1721 2092 Opp.

393 2107 493 2138 Amst.
510 2106 617 2147 1697,
637 2108 722 2139 Tom.
740 2108 809 2147 111,
821 2119 851 2147 p.
870 2106 952 2144 3163
965 2113 996 2139 et
1013 2108 1049 2139 C.
1069 2108 1104 2139 L.
1122 2107 1257 2148 Kayser,
1276 2108 1316 2139 ad
1330 2108 1510 2139 Philostrat.
1529 2107 1717 2148 Vin-Soph-

393 2162 534 2195 lleidelh.
554 2161 661 2204 1838,
681 2174 712 2204 p.
732 2161 806 2195 160.
831 2163 875 2194 De
894 2163 1042 2195 deteriore
1065 2162 1307 2204 significatione,
1326 2162 1396 2194 vide
1413 2163 1511 2194 multa
1536 2164 1617 2203 apud
1644 2162 1720 2194 Lud.

393 2219 576 2251 Cresollium
590 2242 599 2259 ‚
628 2219 736 2250 Theat.
765 2220 870 2253 Veter.
903 2219 994 2251 Rhet.
1031 2220 1064 2250 in
1102 2219 1239 2250 Gronov.
1279 2219 1428 2253 Thesaur.
1467 2220 1574 2251 Graec.
1612 2219 1720 2260 Antiq.

396 2275 482 2308 Tom.
509 2274 557 2316 Χ,
589 2286 619 2315 p.
641 2273 700 2315 19,
723 2273 778 2306 20.

439 2339 455 2363 ⁵
480 2340 588 2382 Qualis
618 2341 679 2372 fuit
709 2339 881 2382 Gorgias,
917 2341 989 2380 qui,
1025 2341 1107 2379 apud
1133 2340 1311 2381 Platonem,
1348 2340 1550 2380 interroganti
1580 2340 1718 2373 socrati:

393 2390 559 2440 Ῥἠτορα
579 2394 651 2441 ἄρα
671 2396 741 2440 χρή
762 2405 800 2428 σε
822 2393 962 2432 καλεῖνς
987 2391 1161 2438 Ἀγαθόν
1179 2409 1239 2438 γε,
1257 2398 1435 2437 respondet,
1456 2385 1483 2428 ὦ
1505 2395 1720 2442 Σώκρατες,

396 2450 430 2480 εἰ
448 2450 576 2493 δὴὸγε
594 2450 748 2494 εὔχομαι
767 2444 1007 2490 εἶναι-βούλει
1017 2449 1305 2492 usuaht‘v-Gorg.
1316 2463 1345 2490 p.
1357 2451 1422 2482 449
1434 2475 1442 2491 ,
1454 2452 1493 2488 A;
1505 2454 1588 2484 cons.
1599 2464 1629 2491 p.
1640 2452 1719 2493 520,

395 2507 436 2538 A.
462 2512 493 2537 et
521 2506 611 2538 Meno
631 2518 661 2547 p.
690 2506 751 2543 95,
786 2507 822 2538 B.
840 2507 875 2538 C.
900 2507 1014 2538 Contra
1042 2506 1281 2549 Protagoras,
1306 2518 1335 2547 p.
1362 2506 1446 2547 317,
1466 2507 1502 2539 B.
1527 2500 1716 2550 ‘optol-076

393 2562 579 2603 -σοφιστὴς
608 2554 711 2593 εἶναι.
740 2563 862 2594 Confer.
889 2562 1087 2593 Stallbaumii
1115 2563 1237 2602 Disput.
1267 2565 1305 2594 ad
1334 2564 1515 2604 Euthydem.
1541 2565 1614 2597 vol.
1647 2566 1692 2596 Vl
1708 2589 1717 2604 ,

396 2619 475 2650 Sect.
504 2618 539 2658 1,
559 2630 588 2659 p.
612 2618 632 2651 7
650 2630 742 2660 sqq.;
765 2619 797 2650 J.
814 2618 914 2651 Geelii
931 2619 1011 2652 nist.
1034 2618 1138 2650 Critic.
1163 2618 1295 2658 Sophist.
1319 2630 1348 2659 p.
1371 2619 1434 2660 47,
1452 2618 1496 2651 63
1513 2631 1580 2661 sqq.
1595 2644 1603 2660 ‚
1622 2619 1696 2652 118.

442 2682 461 2704 ⁴
484 2683 663 2725 Protagoras
688 2685 767 2725 apud
791 2685 873 2716 Plan.
901 2696 930 2724 p.
960 2683 1045 2723 318,
1079 2683 1123 2718 A;
1151 2684 1331 2725 Euthydem.
1354 2696 1384 2724 p.
1405 2683 1491 2723 273,
1516 2686 1553 2716 1).
1587 2686 1721 2726 Quorum

397 2740 544 2772 rationem
566 2740 722 2772 deridebat
742 2740 881 2782 Gorgias,
907 2741 969 2775 tid.
992 2740 1101 2781 Meno,
1124 2751 1155 2781 p.
1177 2741 1238 2782 95,
1263 2742 1298 2773 Β.
1320 2743 1360 2775 C:
1388 2743 1478 2782 Gorg.
1492 2740 1619 2783 1»‚520‚
1641 2742 1677 2776 A.
