2154 3500
1079 302 1133 341 22

441 431 636 474 Amore»-
660 432 913 487 inscriptum
934 432 1120 473 Luciano
1148 430 1401 473 vindicatur.
1429 433 1620 488 Scriptor
1639 430 1766 486 hujus

439 509 834 552 inverecundissimi
867 509 1008 565 operis
1051 509 1133 550 iter
1161 514 1357 559 enarrat,
1400 504 1446 549 in
1473 521 1586 565 quo,
1629 522 1764 565 quum

436 601 460 629 e
492 587 613 645 Syria
636 585 648 608 ¹
687 586 732 627 in
764 585 931 628 ltaliam
957 588 973 612 ²
996 586 1226 643 naviganS,
1256 585 1309 628 ad
1346 584 1547 629 Rhodum
1589 595 1632 631 et
1668 587 1768 631 Cni-

438 664 542 707 dum
569 664 802 720 appulisset
825 662 857 716 ³,
884 665 1019 707 socios
1057 663 1157 706 inde
1179 679 1203 706 a
1229 662 1381 706 Rhodo
1416 662 1622 706 adsumsit
1660 664 1764 707 duos

436 745 517 800 ipsi
546 742 775 784 familia1es
803 743 990 786 Graecos
1032 742 1246 795 homiues,
1287 742 1471 785 alterum
1495 756 1730 801 puerorum
1749 776 1760 794 ,

435 821 620 862 alterum
647 820 879 880 muliepm
905 820 1179 865 amatorem*
1199 836 1210 872 3
1254 834 1438 877 quorum
1473 799 1643 863 exhibet
1675 820 1761 863 dis-

434 899 678 956 putationes
708 899 762 943 de
792 907 979 957 utroque
1010 900 1161 943 amoris
1187 913 1343 957 gcnere
1372 897 1403 942 ⁵.

494 978 697 1036 Plerique
741 986 884 1022 tamen
928 980 1181 1036 interpretes
1217 977 1335 1020 hunc
1376 976 1572 1020 libellum
1618 984 1761 1020 nostro

433 1056 740 1112 abjudicarunt
753 1058 782 1111 ⁸,
819 1064 996 1114 propter
1023 1056 1301 1114 sophisticum
1325 1056 1449 1098 nimis
1482 1065 1526 1098 et
1560 1068 1583 1096 a
1607 1054 1758 1096 Lucia-

432 1150 514 1179 neo
542 1150 715 1192 prorsus
745 1135 1057 1192 discrepantem
1081 1136 1239 1179 stilum.
1264 1134 1401 1191 Hujus
1426 1141 1576 1178 contra
1599 1133 1761 1176 discre-

431 1214 601 1270 pantiae
626 1221 673 1265 ⁷,
721 1228 832 1270 quac
873 1228 974 1256 sane
1007 1213 1271 1257 incredibilis
1316 1220 1404 1265 est,
1450 1212 1648 1255 idoneam
1684 1211 1757 1253 alii

476 1386 491 1409 ¹·
516 1388 557 1419 Ut
576 1393 701 1427 apparet
717 1389 821 1419 Amor.
842 1397 869 1417 c.
889 1387 919 1418 7.

475 1450 493 1470 ²
513 1453 620 1484 Amor.
640 1465 668 1484 c.
686 1451 709 1484 6
733 1458 764 1483 et
785 1451 837 1484 10.

478 1518 495 1539 ³
520 1516 603 1551 Ibid.
622 1528 650 1548 c.
666 1514 688 1547 8
704 1522 736 1547 et
750 1515 805 1547 11.

478 1577 500 1600 4
523 1581 604 1611 Ibid.
622 1591 650 1612 c.
670 1579 723 1611 10.

478 1641 492 1664 ⁵
516 1643 622 1676 Amor.
641 1656 668 1676 c.
693 1641 843 1684 19-28,
868 1642 1014 1676 30—49.
1046 1644 1221 1685 Colloqium
1248 1651 1349 1676 autem
1379 1644 1479 1685 agitur
1501 1644 1581 1674 inter
1609 1643 1755 1685 Lycinum

427 1709 458 1733 et
478 1701 712 1732 Theomnestum
738 1701 916 1740 quemdam,
944 1701 1067 1739 utrique
1088 1701 1201 1731 amoris
1226 1701 1330 1741 generi
1347 1700 1541 1731 vehementer
1556 1701 1690 1731 deditum
1712 1702 1754 1744 (c.

427 1757 450 1789 2
467 1763 498 1789 et
513 1756 567 1799 6),
587 1766 695 1797 aquo,
713 1761 780 1796 post
797 1756 919 1786 brevem
936 1755 1044 1796 Lycini
1061 1755 1204 1795 epicrisin
1219 1755 1260 1797 (c.
1280 1755 1335 1788 51.
1352 1754 1533 1798 γαμητέον
1551 1753 1614 1794 μὲν
1623 1755 1752 1794 ἅπασι,

426 1812 686 1857 παιδεραστεῖν
707 1809 749 1844 δὲ
768 1810 922 1849 ἐφείσθω
940 1810 1059 1850 μόνοις
1074 1815 1149 1848 τοῖς
1166 1815 1292 1850 σοφοῖς·
1317 1822 1349 1843 κ.
1367 1822 1400 1843 τ.
1422 1809 1469 1852 λ.)
1488 1811 1663 1851 turpissima
1677 1822 1747 1851 per-

426 1868 527 1900 ontio
543 1866 707 1907 disputatis
721 1866 843 1898 additur
856 1890 865 1907 ,
883 1878 910 1898 c.
927 1865 981 1898 53.
996 1877 1041 1907 sq.

474 1933 493 1955 ⁶
516 1932 601 1973 Quos
623 1932 692 1962 vide
712 1941 854 1962 recenses
873 1931 954 1970 apud
971 1930 1138 1962 Lehmann.
1160 1932 1199 1962 ad
1220 1931 1314 1971 titul,
1340 1931 1413 1963 libr.
1439 1930 1474 1962 Τ.
1491 1930 1539 1971 V,
1563 1941 1593 1971 p.
1611 1928 1678 1962 566
1700 1942 1747 1971 sq.

425 1988 460 2020 C.
479 1988 518 2020 G.
537 1987 691 2028 Jacobus,
708 1987 762 2028 qui
779 1986 811 2018 in
830 1987 868 2018 iis
886 1993 1082 2028 numeratur,
1101 1987 1283 2019 sententiam
1298 1998 1383 2019 suam
1401 1987 1496 2031 (Bihl.
1509 1987 1614 2020 critic.
1632 1986 1748 2019 Hildes.

426 2041 555 2074 a.1822
570 2066 580 2084 ‚
597 2048 676 2082 part.
693 2041 710 2072 1
723 2064 732 2077 .
752 2053 781 2082 p.
795 2041 860 2074 195
878 2049 909 2073 et
925 2043 1043 2083 Proleg.
1071 2044 1109 2074 ad
1125 2044 1257 2074 Toni-in
1269 2066 1278 2083 ,
1296 2044 1353 2075 Ed.
1375 2042 1462 2075 1826
1473 2066 1482 2084 ,
1498 2054 1529 2083 p.
1538 2044 1635 2085 VIII)
1647 2050 1750 2083 postea

427 2099 559 2130 mutavit
571 2122 580 2138 ,
598 2099 631 2129 in
648 2098 796 2130 Charakt.
817 2098 944 2129 Lucian.
963 2098 1055 2140 830,
1083 2099 1139 2130 uhi
1152 2099 1282 2130 Luciani
1298 2100 1479 2131 sententiam
1495 2100 1532 2130 de
1556 2100 1750 2131 institutione

428 2166 468 2186 cx
485 2153 650 2186 Amoribus
668 2153 838 2184 illustravit
854 2152 918 2185 831
932 2175 940 2189 ‚
962 2152 1006 2185 33
1019 2154 1143 2195 (Amor.
1162 2165 1189 2185 c.
1201 2155 1263 2194 44,
1279 2153 1355 2195 45);
1374 2155 1407 2185 in
1423 2165 1560 2195 quocum
1575 2160 1697 2186 secutus
1705 2160 1751 2184 est

425 2211 480 2241 Dr.
496 2209 548 2240 Fr.
566 2209 705 2247 Cramer,
725 2208 899 2239 Geschicht.
917 2209 948 2240 d.
967 2209 1100 2250 Erzieh.,
1118 2210 1173 2241 Bd.
1190 2209 1222 2240 11
1233 2233 1242 2250 ‚
1260 2209 1291 2241 S.
1308 2208 1370 2242 721
1386 2221 1433 2251 sq.
1446 2228 1487 2235 —
1501 2211 1586 2242 Guil.
1603 2210 1748 2246 Dindms,

421 2266 456 2296 in
473 2265 530 2296 Ed.
555 2263 653 2294 Paris.
672 2263 790 2294 Didotii
810 2262 898 2295 1840
909 2288 919 2302 ,
937 2270 1092 2305 tamquam
1110 2265 1245 2305 spurium
1269 2266 1410 2296 libellum
1426 2266 1556 2297 notavit.
1574 2265 1746 2308 (wieland.

423 2320 480 2352 Th.
500 2319 570 2360 III,
590 2320 621 2351 S.
640 2318 721 2361 282,
746 2320 778 2351 in
805 2320 934 2361 Imagin.
953 2332 980 2352 e.
1001 2322 1033 2352 4.
1052 2323 1308 2362 opportunitatem
1325 2322 1425 2363 operis
1440 2322 1534 2364 hujus
1557 2322 1746 2354 subornandi

419 2377 535 2416 fuisse,
555 2387 619 2407 non
639 2376 706 2407 sine
729 2386 837 2406 caussa
854 2376 1051 2420 suspicatur.)

471 2440 485 2462 ⁷
512 2440 544 2471 Si
560 2440 630 2480 quis
646 2440 751 2480 cupiat
770 2439 919 2480 specimen
937 2441 1049 2473 videre.
1073 2442 1237 2474 Auctorem
1256 2443 1378 2474 initium
1391 2444 1545 2475 facturum
1570 2444 1635 2484 τῆς
1657 2442 1748 2475 ἀπο-

419 2496 539 2539 δήμου
576 2495 769 2539 στρατείας
807 2496 1010 2527 comitabatur
1038 2497 1211 2534 παιδείας
1238 2497 1390 2543 λιπαρὴς
1419 2497 1538 2542 ὄχλος,
1569 2500 1623 2539 qui
1648 2499 1687 2529 ab
1712 2510 1749 2530 eo

418 2550 569 2596 ἀνιαρῶς
581 2549 836 2593 διεζεύγνυντο
845 2573 856 2590 ‚
872 2563 900 2583 c.
909 2550 941 2583 6.
967 2551 1124 2585 Sermones
1139 2554 1172 2585 in
1187 2554 1294 2586 itinere
1305 2553 1440 2585 instituti
1449 2553 1610 2597 σπουδὴν
1618 2552 1748 2599 ἱλαρὰν

418 2610 495 2647 ἅμα
520 2608 581 2639 καὶ
602 2608 753 2640 παιδιὰν
773 2607 946 2647 εὔμουσον
965 2609 1130 2647 habebant,
1156 2622 1183 2641 c.
1202 2609 1256 2641 53.
1290 2610 1353 2649 Ipsi
1377 2616 1497 2648 autem,
1523 2611 1587 2650 jam
1607 2609 1747 2654 σφόδρα

419 2663 569 2704 διψῶντι
586 2663 756 2707 τοιαύτης
769 2663 933 2705 ἀνέσεως,
957 2664 1117 2711 εὔκαιρος
1139 2666 1161 2709 ἡ
1179 2665 1250 2698 τῶν
1266 2663 1399 2711 ἱλαρῶν
1416 2674 1476 2698 σου
1487 2664 1747 2709 (Θεομνήστου)

421 2722 531 2764 λόγων
558 2722 667 2766 ἐρρύη
695 2722 804 2766 χάρις·
831 2735 857 2754 c.
876 2724 903 2754 1.
922 2723 1057 2764 Namque
1084 2724 1296 2756 ποθοῦσι-οἱ
1322 2723 1499 2763 φιλότιμοι
1516 2723 1617 2756 πόνοι
1634 2723 1742 2767 μικρὰ

421 2777 491 2811 τῶν
517 2775 694 2823 ἐπαχθῶν
720 2778 915 2824 φροντίδων
937 2778 1187 2823 χιιλιισθόντες
1212 2780 1261 2818 εἷς
1292 2778 1422 2822 ἡδονὰς
1447 2778 1638 2820 arnstorff,
1662 2791 1689 2813 c.
1710 2781 1736 2812 1.
