2154 3500
1074 336 1100 375 8

406 457 497 513 eJus
534 459 754 516 ingenium
780 467 822 501 et
849 460 1021 503 laudem
1064 477 1301 505 censemus.
1347 464 1487 519 Igitur
1517 465 1563 507 in
1602 465 1746 508 rheto-

407 537 504 578 ricis
542 536 691 578 studiis
729 537 886 579 bonam
917 539 1064 581 aetatis
1099 547 1264 595 partem
1302 543 1562 598 consumsit,
1602 543 1748 600 iisque

405 613 524 656 velut
556 615 820 671 προπαιδείᾳ
850 629 949 658 usus
989 624 1051 660 est
1091 617 1144 660 ad
1172 632 1246 668 ea,
1280 617 1438 676 quibus
1474 626 1622 674 postea
1648 635 1749 677 pro-

407 692 546 749 priam
586 692 756 735 laudem
789 693 969 751 adeptus
1000 703 1075 739 est.
1114 697 1234 750 Quae
1268 694 1444 754 quidem
1480 697 1620 739 studia
1663 696 1744 740 nisi

407 778 606 814 accurate
629 773 742 815 inter
769 788 813 815 se
844 774 1191 832 distinguantur,
1237 789 1323 816 non
1344 781 1484 830 potest
1508 776 1561 817 ad
1587 778 1746 831 proba-

405 851 537 894 bilem
563 849 655 907 ejus
677 852 1010 911 intelligentiam
1036 853 1277 910 perveniri,
1303 852 1478 896 confusa
1503 854 1644 910 potius
1661 869 1742 898 nec

404 931 692 975 ilineamentis
719 932 921 975 distincta
953 941 1082 992 atque
1108 932 1213 975 adeo
1232 932 1334 975 falsa
1355 932 1446 988 ejus
1471 933 1636 991 ingenii
1664 935 1746 976 erit

408 1024 558 1067 mage.
599 1010 707 1052 Tum
727 1026 823 1053 vero
851 1012 895 1052 in
923 1010 988 1052 his
1012 1011 1112 1066 ipsis
1134 1010 1225 1064 ejus
1243 1008 1469 1053 rhetoricis
1492 1012 1578 1052 sive
1600 1011 1745 1067 sophi-

409 1090 526 1131 sticis
544 1089 693 1131 studiis
724 1090 1010 1132 existimandis
1029 1104 1209 1146 magnus
1228 1089 1401 1147 quidam
1430 1105 1549 1132 error
1572 1090 1746 1134 exstitit.

411 1168 684 1223 Quapropter
699 1181 854 1222 operae
869 1167 1055 1222 pretium
1082 1168 1174 1209 fore
1198 1169 1439 1223 putavimus
1456 1201 1467 1219 ,
1495 1176 1544 1210 ut
1558 1168 1745 1223 primum

411 1245 465 1288 de
510 1243 723 1300 sophistae
768 1251 809 1286 et
847 1243 1029 1286 rhetoris
1064 1246 1236 1287 nomine
1278 1244 1458 1304 ejusque
1493 1260 1572 1287 usu
1607 1259 1744 1301 pauca

410 1337 682 1366 moneremus
698 1355 709 1374 ,
738 1330 830 1364 tum
862 1338 961 1365 vero
991 1323 1045 1366 de
1072 1324 1247 1367 Luciani
1269 1323 1507 1381 sophisticis
1533 1323 1682 1366 studiis
1700 1332 1742 1367 et

413 1402 580 1458 scriptis
611 1401 953 1457 disputaremus:
987 1403 1046 1443 sic
1071 1403 1245 1461 quidem
1278 1403 1333 1445 de
1355 1404 1448 1459 ipso
1463 1402 1652 1445 Luciano
1667 1402 1747 1443 ali·
1796 1402 1799 1405 ’

410 1480 584 1537 quando
604 1480 742 1522 verius
763 1480 979 1535 explicare
991 1482 1226 1535 poterimus
1245 1515 1255 1533 ,
1281 1495 1410 1539 quam
1428 1480 1570 1524 adhuc
1584 1480 1745 1522 sactum

414 1573 504 1601 esse
539 1557 719 1601 videtur.

969 1651 1182 1666 ψ

1037 1780 1118 1836 ΙΙ.

729 1913 781 1944 DE
805 1912 1011 1944 SOPHISTIS
1037 1912 1131 1944 SIVE
1156 1913 1431 1945 RHETORIBUS.

473 2030 725 2086 Priusquam
739 2028 791 2070 ad
811 2044 858 2071 ea
877 2044 987 2086 quae
1012 2030 1309 2085 proposuimus
1328 2029 1579 2085 explicanda
1607 2029 1746 2070 venia-

414 2123 508 2151 mus
524 2121 765 2160 ,monemus
781 2106 963 2149 lectores
984 2114 1148 2150 nostros
1165 2141 1175 2160 ,
1188 2122 1273 2150 non
1286 2122 1335 2149 eo
1348 2121 1423 2149 nos
1440 2106 1617 2149 consilio
1632 2105 1743 2149 hane

415 2185 756 2244 disquisitionem
779 2184 1013 2227 instituisse
1026 2218 1037 2236 ‚
1060 2192 1108 2227 ut
1120 2186 1256 2242 ipsam
1274 2184 1545 2241 sophisticam
1558 2192 1600 2226 et
1614 2183 1751 2226 rheto-

414 2266 547 2307 ricam
558 2264 766 2307 rationem
780 2262 816 2318 ej
824 2277 958 2321 usque
968 2264 1194 2322 quamdam
1207 2263 1426 2306 historiam
1440 2279 1746 2315 enarraremus;

415 2342 490 2386 sed
519 2357 568 2386 ea
592 2343 731 2384 solum
758 2342 1128 2384 commonstraturi
1155 2356 1325 2392 sumus,
1353 2357 1463 2401 quae
1494 2341 1545 2385 ad
1575 2341 1749 2384 Luciani

414 2420 745 2479 intelligentiam
761 2420 941 2463 maxime
957 2420 1078 2463 utilia
1099 2420 1336 2465 videantur.
1355 2420 1451 2463 Fuit
1467 2426 1609 2463 autem
1627 2434 1649 2462 a
1660 2419 1751 2475 ple·

417 2501 557 2559 risque
592 2513 741 2542 eorum
760 2532 771 2551 ‚
818 2498 893 2556 qui
921 2498 973 2540 de
1003 2497 1092 2553 ejus
1115 2500 1198 2542 vita
1228 2497 1403 2541 uberius
1430 2498 1751 2554 explicuerunt,
1782 2497 1790 2503 '

411 2564 617 2633 juventus
634 2577 724 2636 ejus
739 2578 784 2618 in
805 2577 909 2618 duas
924 2584 1066 2631 partes
1081 2577 1209 2619 divisa
1227 2610 1238 2628 ,
1252 2576 1372 2632 quasi
1391 2577 1528 2631 primo
1545 2577 1590 2618 in
1608 2576 1752 2617 foren-

420 2657 535 2699 sibus
572 2655 833 2698 orationibus
860 2661 1046 2697 versatus
1062 2655 1192 2697 fuerit
1208 2688 1218 2707 ‚
1238 2662 1329 2697 tum
1347 2669 1445 2696 vero
1464 2661 1625 2696 mutato
1644 2654 1751 2695 vitae

419 2734 595 2776 consilio
613 2733 664 2776 ad
691 2732 919 2789 sophistica
949 2732 1087 2775 studia
1105 2748 1148 2775 se
1175 2732 1423 2776 contulerit.
1459 2732 1583 2787 Quod
1618 2733 1748 2788 longo

419 2813 543 2855 aliter
561 2827 603 2854 se
619 2811 777 2854 habere
794 2812 913 2854 nobis
939 2826 1185 2867 persuasum
1203 2819 1263 2854 est
1278 2845 1287 2863 ‚
1306 2826 1384 2854 nec
1409 2817 1597 2866 separata
1616 2809 1745 2851 fuisso
