2154 3500
1062 297 1115 338 76

425 421 547 466 modo
577 423 786 466 Pantheae
812 423 1056 467 laudatione
1089 437 1258 467 necesse
1299 437 1387 466 esse
1425 423 1531 466 dicit
1578 430 1752 470 πάντων

422 502 569 546 καλῶν
611 502 815 546 παιδείαν
856 505 1073 557 ἡγεῖσθαί.
1114 503 1264 559 (Imag.
1308 517 1345 545 c.
1377 501 1472 558 16),
1510 504 1582 545 sed
1621 506 1746 546 etiam

423 577 497 621 ubi
529 578 573 622 in
603 579 780 637 egregio
815 579 1004 623 dramate
1038 578 1400 623 Reviviscentium
1432 594 1575 623 veram
1610 579 1750 624 Philo-

420 654 610 712 sophiam
642 655 687 698 in
717 670 887 700 scenam
920 655 1145 714 produxit,
1174 657 1309 700 sociae
1337 655 1448 699 hanc
1488 657 1749 702 comitantur

421 748 564 775 omncs
594 734 796 785 virtutes,
836 740 863 789 ἤ
898 737 1200 791 προηγουμένη
1237 736 1283 780 δὲ
1302 769 1313 788 ,
1347 737 1538 780 Παιδεία
1575 736 1747 794 (Piscat.

420 827 453 855 s.
482 811 692 854 Revivisc.
724 826 762 854 c.
797 810 888 868 16).
907 838 962 846 —
988 814 1218 872 Singulare
1247 828 1421 870 prorsus
1453 814 1629 857 Luciani
1657 822 1746 857 stu-

420 888 537 931 dium
566 889 848 946 conspicuum
879 897 943 933 est
969 890 1014 933 in
1044 891 1392 948 πεπαιδευμένου
1405 889 1588 934 hominis
1607 891 1750 951 digni-3

426 958 507 1008 *ate
535 973 577 1009 et
609 967 706 1009 loeo
747 967 943 1021 tuendis;
983 969 1028 1009 in
1061 969 1183 1012 nullo
1220 969 1467 1026 aequalium
1496 970 1646 1012 ordine
1671 970 1749 1012 ini-

420 1046 546 1100 quius
576 1061 706 1102 quam
740 1046 785 1088 in
824 1046 935 1097 illis,
976 1047 1231 1089 submissum
1257 1056 1299 1091 et
1321 1048 1527 1091 humilem
1561 1049 1749 1091 animum

422 1123 520 1166 tulit
553 1131 627 1167 aut
670 1123 867 1182 graviore
896 1122 1228 1180 reprehensione
1257 1125 1418 1169 notavit
1450 1125 1552 1184 (vid.
1583 1126 1748 1185 Nigrin.

421 1215 463 1244 c.
493 1204 580 1257 24,
612 1203 692 1256 253
729 1202 791 1243 De
819 1202 948 1245 Mero.
982 1203 1115 1246 Cond.
1143 1217 1179 1245 c.
1209 1205 1435 1255 4,11,12
1453 1236 1464 1255 ‚
1482 1202 1746 1258 23,alibi.);

421 1293 560 1335 neque
596 1280 724 1322 aliam
768 1280 1036 1335 potissimum
1070 1281 1125 1324 oh
1156 1295 1347 1325 caussam
1374 1283 1418 1324 in
1460 1280 1558 1325 odio
1598 1279 1749 1323 habuit

417 1359 653 1409 Romanos,
691 1371 822 1414 quam
855 1357 973 1414 quod
1007 1359 1105 1401 vera
1131 1373 1201 1401 eos
1232 1357 1497 1402 humanitate
1528 1358 1750 1401 destitutos

419 1451 507 1480 esse
534 1444 752 1489 censeret,
783 1450 862 1479 nec
891 1436 1005 1479 ferre
1032 1436 1391 1480 contumeliosum
1406 1436 1636 1493 imperium
1649 1450 1746 1493 pos-

418 1522 505 1566 set,
548 1514 666 1572 quod
706 1514 773 1556 illi
806 1528 884 1570 per
927 1514 1094 1556 divitias
1138 1529 1235 1557 suas
1268 1496 1323 1557 et¹
1345 1529 1446 1571 opes
1480 1515 1524 1557 in
1555 1513 1746 1557 eruditos

419 1594 604 1635 Graecos
625 1592 881 1635 exercebant
901 1591 1007 1649 (vid.
1025 1592 1181 1647 passim
1203 1592 1299 1634 libr.
1323 1592 1384 1634 De
1402 1592 1585 1635 Merced.
1610 1591 1741 1635 Cond.

420 1686 458 1712 c.
492 1676 538 1712 ll
560 1704 570 1721 ,
608 1673 660 1711 12
682 1703 693 1722 ,
727 1672 784 1713 20
811 1671 856 1710 in
888 1671 1015 1724 prim.
1047 1684 1084 1711 c.
1117 1669 1210 1727 25).

476 1748 618 1804 Atque
652 1746 823 1804 ignoret
860 1746 987 1803 piane
1031 1745 1212 1801 Luciani·
1241 1746 1466 1804 ingenium
1505 1753 1547 1789 et
1586 1746 1744 1804 scripta

418 1832 610 1882 oportet,
646 1824 722 1881 qui
750 1838 862 1875 non,
896 1823 1195 1866 deflorescenti
1215 1838 1303 1881 qua
1326 1825 1429 1866 vixit
1460 1832 1625 1876 aetate,
1656 1840 1749 1867 cam

420 1907 461 1947 in
490 1904 639 1961 primis
665 1918 763 1946 eum
790 1903 1077 1945 eruditionem
1103 1910 1145 1945 et
1172 1901 1482 1946 humanitatem
1499 1904 1748 1961 amplexum

419 1999 507 2026 esse
535 1983 813 2041 cognoverit,
856 1997 967 2038 quac
1002 1983 1207 2040 antiquae
1235 1983 1442 2028 Graeciae
1474 1983 1678 2027 memoria
1708 1990 1750 2025 et

420 2061 623 2117 exemplis
650 2060 964 2103 continebatur.
997 2060 1155 2103 Riserit
1170 2067 1360 2103 veterum
1381 2061 1559 2103 deorum
1582 2060 1748 2102 cultum

420 2156 469 2182 ac
505 2145 731 2196 poetarum
764 2140 817 2182 de
849 2140 900 2181 iis
926 2140 1107 2192 fabulis,
1133 2147 1177 2181 at
1205 2139 1443 2182 carminum
1477 2139 1649 2181 Homeri
1681 2153 1751 2180 ve-

421 2218 652 2262 nerabatur
686 2219 844 2273 σοφίαν
872 2226 914 2260 et
944 2217 1326 2275 μεγαλοφροσύνην
1363 2216 1441 2276 (De
1466 2216 1594 2259 Merc.
1617 2215 1748 2260 Cond.

421 2312 459 2342 c.
490 2298 572 2350 253
600 2297 762 2352 Quom.
794 2297 901 2340 Hist.
948 2297 1117 2340 Conscr.
1162 2309 1200 2338 c.
1240 2293 1343 2353 57);
1382 2295 1524 2337 inania
1573 2301 1614 2337 et
1647 2294 1750 2336 falsa

419 2379 694 2433 antiquorum
727 2375 1083 2431 philosophorum
1112 2381 1333 2432 systemata
1364 2373 1617 2426 duxerit‚at
1630 2374 1752 2430 inge-

422 2456 490 2499 nia
509 2456 559 2504 ,in
587 2454 736 2498 iisdem
753 2455 918 2498 excelsa
934 2487 945 2507 ,
967 2460 1292 2511 praeceptorum
1320 2452 1635 2504 salubritatem,
1656 2452 1751 2495 lite.-

422 2548 562 2578 rarum
592 2535 812 2590 praeclara
844 2540 1121 2577 monumenta
1147 2532 1334 2589 suspexit
1353 2532 1524 2592 (Piscat.
1552 2549 1581 2576 S.
1601 2533 1751 2577 Reviv.

418 2631 455 2659 c.
490 2615 570 2667 37;
605 2613 666 2655 De
696 2612 821 2655 Merc.
857 2611 988 2655 Cond.
1021 2626 1057 2653 c.
1096 2611 1401 2655 24.-—Piscat.
1422 2614 1549 2654 c.3o.
1570 2634 1619 2641 —-
1641 2611 1751 2661 thid,

420 2709 457 2735 c.
477 2691 531 2754 6)
553 2710 561 2742 ;
591 2693 635 2733 in
664 2692 799 2734 literis
815 2690 919 2733 adeo
938 2697 1074 2732 totum
1092 2690 1366 2745 antiquorum
1388 2704 1432 2731 se
1455 2690 1593 2732 studio
1613 2691 1751 2732 nutri-

420 2782 508 2815 tum
523 2787 610 2815 esse
629 2773 791 2827 ubique
808 2772 1048 2828 profitetur.
1072 2771 1191 2813 cons.
1212 2769 1367 2824 disput.
1381 2777 1508 2813 nostr.
1525 2786 1561 2827 p.
1587 2772 1641 2813 59
1654 2783 1747 2826 sqq.
