2154 3500
1119 276 1173 318 72

476 401 665 444 incidere
712 403 812 444 satis
861 410 950 443 tuto
989 403 1158 445 efficere
1196 402 1297 444 licet
1343 417 1390 443 ex
1431 402 1543 444 libro
1581 402 1634 444 de
1659 401 1805 446 Morte

472 479 725 536 Pereqriui.
761 480 1064 537 Praeterquam
1101 480 1217 537 quod
1246 479 1353 522 dicit
1386 480 1432 522 in
1460 494 1534 532 eo,
1570 488 1723 537 quater
1759 497 1803 523 se

475 555 622 598 vidisse
654 555 876 615 Olympia,
910 571 1046 613 quum
1070 558 1132 608 ‚in
1177 572 1329 616 rogum
1366 557 1603 616 Pereginus
1630 573 1674 600 se
1713 559 1801 615 ipse

471 633 688 688 injiceret,
733 651 770 678 c.
817 639 898 687 35,
945 644 1122 693 propter
1170 637 1310 692 ipsum
1345 635 1561 678 scribendi
1592 651 1727 694 genus
1760 644 1801 678 et

469 714 721 757 sententiam
763 716 808 757 in
851 714 1034 758 dubium
1067 716 1211 758 venire
1245 730 1331 758 non
1376 723 1535 771 potest,
1569 715 1677 772 quin
1717 714 1798 757 hoc

469 807 575 850 opus
608 807 693 836 non
720 793 931 850 scriptum
964 794 1018 837 sit
1049 808 1126 851 per
1154 793 1336 851 primam
1359 792 1598 836 Lucianiin
1618 794 1798 838 Graecia

470 872 875 924 commorationem,
922 881 1179 930 anteaquam
1218 872 1405 929 sophista
1437 873 1482 914 in
1504 872 1689 915 Galliam
1717 872 1799 913 mi—

469 958 613 1005 graret
647 951 733 1007 (Bis
766 952 942 1010 Aca-c.
979 952 1068 1009 27).
1102 952 1192 994 Sub
1220 952 1334 993 idem
1353 959 1519 1007 tempus
1539 951 1721 1007 scriptus
1737 958 1799 993 est

470 1029 583 1070 liber
614 1028 667 1070 de
696 1029 827 1071 modo
870 1045 957 1087 quo
994 1029 1215 1073 Historia
1253 1028 1584 1074 Comeribenda
1627 1031 1721 1083 eit,
1759 1037 1800 1071 et

471 1107 616 1162 paullo
642 1115 736 1162 post
765 1108 987 1165 Peregrini
1011 1115 1191 1150 mortem
1220 1109 1407 1150 comicus
1420 1108 1616 1165 dialogus
1640 1108 1717 1164 qui
1738 1114 1800 1149 est

478 1184 708 1241 Fuqitivi,
740 1184 774 1225 si
809 1185 1012 1241 quidem,
1046 1193 1094 1227 ut
1125 1185 1247 1227 nobis
1277 1185 1474 1236 videtur,
1513 1199 1591 1241 pro
1621 1185 1796 1228 Luciani

472 1274 602 1320 opere
633 1262 856 1305 habendus
899 1271 973 1306 est.
1020 1263 1117 1319 Quo
1148 1270 1291 1306 autem
1318 1271 1510 1319 tempore
1539 1262 1644 1305 Luc.
1676 1262 1797 1306 abdi-

471 1343 563 1383 cata
600 1341 830 1397 sophistica
861 1342 904 1383 in
924 1342 1150 1385 Graeciam
1184 1341 1333 1393 rediit,
1368 1342 1451 1383 fuit
1478 1342 1561 1397 ἤδη
1589 1346 1797 1397 τετταρά-

472 1436 606 1463 κοντα
635 1420 711 1475 ἔτη
745 1418 898 1476 σχεδὸν
927 1422 1138 1472 γεγογώς,
1166 1419 1236 1461 Bis
1266 1418 1369 1461 Acc.
1388 1419 1517 1461 c.32.
1551 1419 1643 1461 Jam
1666 1420 1796 1462 αὐτο-

474 1500 611 1554 χειρία
640 1497 889 1554 Peregrini,
921 1511 1032 1552 quae
1062 1511 1209 1538 recens
1239 1497 1350 1538 facta
1377 1511 1401 1537 a
1430 1497 1619 1539 Luciano
1638 1496 1796 1538 descri-
1853 1497 1859 1521 ³

477 1575 594 1617 bit-ur
611 1608 621 1626 ,
656 1581 799 1616 notata
827 1582 889 1615 est
916 1574 961 1615 in
995 1573 1170 1616 Eusebii
1196 1572 1408 1618 Chronico
1435 1573 1488 1615 ad
1518 1588 1555 1615 a.
1574 1575 1607 1616 Ι.
1625 1573 1793 1631 Olymp.

468 1652 812 1703 CCXXXVI‚.a.
854 1667 897 1708 p.
929 1652 1027 1695 Chr.
1070 1652 1297 1704 Eusebian,
1326 1653 1517 1709 CLXVI,
1546 1653 1574 1693 i.
1609 1668 1646 1694 e.
1679 1653 1794 1709 vulg.

468 1731 622 1774 CLXV.
666 1730 798 1788 (cons.
829 1730 989 1786 Scalig.
1022 1729 1122 1773 adn.
1149 1729 1204 1772 ad
1228 1729 1477 1787 Hieronymi
1512 1744 1617 1773 vers.
1650 1730 1722 1772 lat.
1750 1731 1793 1771 in

468 1809 568 1851 edit.
610 1809 746 1866 Lugd.
783 1823 821 1852 a.
863 1811 1003 1860 1606,
1037 1823 1083 1865 p.
1117 1806 1240 1864 202.)
1275 1807 1588 1853 Undeannum
1614 1808 1791 1851 Luciani

469 1887 651 1930 natalem
679 1902 764 1929 non
789 1895 884 1942 post
914 1904 952 1931 a.
988 1888 1138 1931 CXXV
1170 1887 1372 1929 incidisse
1400 1894 1592 1943 apparet.

527 1964 638 2008 God.
669 1964 731 2010 W
728 1966 905 2016 emar,
947 1967 991 2008 in
1028 1965 1385 2008 commentatione
1422 1965 1477 2008 de
1515 1973 1677 2013 aetate,
1709 1966 1792 2008 vita

466 2055 505 2087 vt
540 2045 709 2101 scriptis
735 2045 939 2098 Luciani,
969 2045 1185 2103 Mar-burg.
1220 2035 1356 2096 1834,
1389 2044 1571 2100 probare
1586 2045 1791 2094 instituit,

463 2125 603 2179 ipsum
642 2137 802 2165 annum
838 2138 883 2179 p.
918 2123 1016 2167 Chr.
1048 2122 1197 2166 CXXV
1225 2122 1402 2164 Luciani
1427 2122 1613 2163 natalem
1646 2121 1789 2164 fuisse.

461 2204 605 2258 Atque
628 2199 732 2242 haee
759 2200 969 2242 sententia
986 2232 997 2253 ‚
1020 2199 1097 2242 etsi
1129 2200 1361 2242 audaciore
1386 2199 1541 2256 passim
1555 2214 1789 2257 argumen-

462 2280 579 2323 tandi
616 2279 781 2322 ratione
804 2280 863 2322 ab
888 2287 1064 2321 auctore
1093 2278 1319 2334 explicita,
1350 2293 1453 2335 prae
1481 2278 1659 2321 caeteris
1688 2293 1790 2335 pro-

466 2359 617 2401 babilis
650 2373 739 2400 esse
772 2357 956 2400 videtur.

519 2438 568 2479 ln
605 2436 754 2479 eodem
787 2436 955 2478 scilicet
973 2469 983 2487 ,
1011 2450 1140 2492 quem
1174 2436 1384 2488 vidimus,
1421 2436 1532 2478 libro
1561 2435 1613 2477 de
1640 2434 1789 2478 Morte

462 2515 655 2574 Peregr.
704 2530 741 2559 c.
788 2514 871 2568 43,
920 2513 1080 2558 mentio
1114 2513 1161 2557 fit
1200 2513 1365 2557 itineris
1396 2512 1618 2569 eujusdam
1647 2527 1671 2556 a
1702 2513 1785 2557 Lu*

460 2596 582 2636 cinno
626 2610 647 2634 e
699 2595 819 2651 Syria
867 2594 910 2635 in
957 2593 1181 2636 Graeciam
1224 2593 1349 2635 facti:
1396 2597 1538 2637 ἐκεῖνα
1582 2597 1661 2648 μὲν
1705 2597 1785 2649 γὰρ

461 2673 595 2717 ,τάλαι
627 2671 757 2716 οἶσθα
800 2675 930 2721 εὐθύς
971 2675 1157 2722 οἰκούσας
1199 2690 1311 2726 μου,
1347 2674 1415 2714 ὅτε
1445 2666 1547 2725 ἧκον
1577 2676 1661 2715 (ἐπὸ
1690 2678 1782 2717 Συ-

455 2754 550 2809 ρίας
580 2751 866 2806 διηγουμένου
884 2787 892 2795 .
922 2755 978 2801 ὡς
1007 2754 1093 2796 ἀπὸ
1118 2751 1323 2808 Τρῳάδος
1340 2750 1647 2805 συμπλεύσαιμι
1667 2753 1784 2805 «ivm
