<?xml version="1.0" encoding="UTF-8"?>
<!DOCTYPE html PUBLIC "-//W3C//DTD XHTML 1.0 Transitional//EN"
    "http://www.w3.org/TR/xhtml1/DTD/xhtml1-transitional.dtd">
<html xmlns="http://www.w3.org/1999/xhtml" xml:lang="en" lang="en">
 <head>
  <title>
</title>
<meta http-equiv="Content-Type" content="text/html;charset=utf-8" />
  <meta name='ocr-system' content='tesseract 3.04.00' />
  <meta name='ocr-capabilities' content='ocr_page ocr_carea ocr_par ocr_line ocrx_word'/>
</head>
<body>
  <div class='ocr_page' id='page_1' title='image "./4629189_0019.png"; bbox 0 0 2154 3500; ppageno 0'>
   <div class='ocr_carea' id='block_1_1' title="bbox 1073 369 1096 408">
    <p class='ocr_par' dir='ltr' id='par_1_1' title="bbox 1073 369 1096 408">
     <span class='ocr_line' id='line_1_1' title="bbox 1073 369 1096 408; baseline 0 0"><span class='ocrx_word' id='word_1_1' title='bbox 1073 369 1096 408; x_wconf 89' lang='lat'>4</span> 
     </span>
    </p>
   </div>
   <div class='ocr_carea' id='block_1_2' title="bbox 415 495 1760 2503">
    <p class='ocr_par' dir='ltr' id='par_1_2' title="bbox 419 495 1760 1876">
     <span class='ocr_line' id='line_1_2' title="bbox 431 495 1760 555; baseline 0.003 -21"><span class='ocrx_word' id='word_1_2' title='bbox 431 495 654 545; x_wconf 86' lang='lat' dir='ltr'>conscius,</span> <span class='ocrx_word' id='word_1_3' title='bbox 689 502 831 535; x_wconf 88' lang='lat' dir='ltr'>tamen</span> <span class='ocrx_word' id='word_1_4' title='bbox 860 502 1036 536; x_wconf 85' lang='lat' dir='ltr'>conatus</span> <span class='ocrx_word' id='word_1_5' title='bbox 1068 508 1159 536; x_wconf 89' lang='lat' dir='ltr'>sum</span> <span class='ocrx_word' id='word_1_6' title='bbox 1191 509 1284 536; x_wconf 84' lang='lat' dir='ltr'>eam</span> <span class='ocrx_word' id='word_1_7' title='bbox 1316 497 1423 537; x_wconf 87' lang='lat' dir='ltr'>viam</span> <span class='ocrx_word' id='word_1_8' title='bbox 1452 498 1646 552; x_wconf 86' lang='lat' dir='ltr'>ingredi,</span> <span class='ocrx_word' id='word_1_9' title='bbox 1675 512 1760 555; x_wconf 84' lang='lat' dir='ltr'>qua</span> 
     </span>
     <span class='ocr_line' id='line_1_3' title="bbox 429 572 1758 630; baseline 0.002 -17"><span class='ocrx_word' id='word_1_10' title='bbox 429 573 556 614; x_wconf 92' lang='lat' dir='ltr'>unice</span> <span class='ocrx_word' id='word_1_11' title='bbox 586 572 640 614; x_wconf 87' lang='lat' dir='ltr'>ad</span> <span class='ocrx_word' id='word_1_12' title='bbox 681 572 899 613; x_wconf 84' lang='lat' dir='ltr'>veritatem</span> <span class='ocrx_word' id='word_1_13' title='bbox 936 572 1150 627; x_wconf 87' lang='lat' dir='ltr'>perveniri</span> <span class='ocrx_word' id='word_1_14' title='bbox 1174 580 1325 628; x_wconf 90' lang='lat' dir='ltr'>potest.</span> <span class='ocrx_word' id='word_1_15' title='bbox 1358 572 1462 615; x_wconf 89' lang='lat' dir='ltr'>Nam</span> <span class='ocrx_word' id='word_1_16' title='bbox 1491 575 1684 630; x_wconf 78' lang='lat' dir='ltr'>profecto</span> <span class='ocrx_word' id='word_1_17' title='bbox 1713 574 1758 617; x_wconf 89' lang='lat' dir='ltr'>in</span> 
     </span>
     <span class='ocr_line' id='line_1_4' title="bbox 429 648 1757 710; baseline 0.001 -19"><span class='ocrx_word' id='word_1_18' title='bbox 429 648 606 692; x_wconf 88' lang='lat' dir='ltr'>Luciani</span> <span class='ocrx_word' id='word_1_19' title='bbox 650 648 814 705; x_wconf 90' lang='lat' dir='ltr'>scriptis</span> <span class='ocrx_word' id='word_1_20' title='bbox 858 654 973 692; x_wconf 86' lang='lat' dir='ltr'>tanta</span> <span class='ocrx_word' id='word_1_21' title='bbox 1018 657 1079 692; x_wconf 89' lang='lat' dir='ltr'>est</span> <span class='ocrx_word' id='word_1_22' title='bbox 1124 650 1430 692; x_wconf 85' lang='lat' dir='ltr'>sententiarum</span> <span class='ocrx_word' id='word_1_23' title='bbox 1466 653 1589 707; x_wconf 87' lang='lat' dir='ltr'>copia</span> <span class='ocrx_word' id='word_1_24' title='bbox 1627 660 1757 710; x_wconf 87' lang='lat' dir='ltr'>atque</span> 
     </span>
     <span class='ocr_line' id='line_1_5' title="bbox 426 724 1756 786; baseline 0.002 -17"><span class='ocrx_word' id='word_1_25' title='bbox 426 724 633 779; x_wconf 69' lang='lat' dir='ltr'>varietas,</span> <span class='ocrx_word' id='word_1_26' title='bbox 679 734 727 769; x_wconf 92' lang='lat' dir='ltr'>ut</span> <span class='ocrx_word' id='word_1_27' title='bbox 766 727 1005 770; x_wconf 86' lang='lat' dir='ltr'>cavendum</span> <span class='ocrx_word' id='word_1_28' title='bbox 1047 742 1306 786; x_wconf 85' lang='lat' dir='ltr'>magnopere</span> <span class='ocrx_word' id='word_1_29' title='bbox 1352 729 1431 778; x_wconf 88' lang='lat' dir='ltr'>sit,</span> <span class='ocrx_word' id='word_1_30' title='bbox 1477 744 1532 770; x_wconf 90' lang='lat' dir='ltr'>ne</span> <span class='ocrx_word' id='word_1_31' title='bbox 1577 745 1626 770; x_wconf 86' lang='lat' dir='ltr'>ex</span> <span class='ocrx_word' id='word_1_32' title='bbox 1667 745 1756 772; x_wconf 91' lang='lat' dir='ltr'>uno</span> 
     </span>
     <span class='ocr_line' id='line_1_6' title="bbox 425 807 1753 863; baseline 0.004 -17"><span class='ocrx_word' id='word_1_33' title='bbox 425 807 570 863; x_wconf 85' lang='lat' dir='ltr'>aliquo</span> <span class='ocrx_word' id='word_1_34' title='bbox 617 808 809 862; x_wconf 89' lang='lat' dir='ltr'>quamvis</span> <span class='ocrx_word' id='word_1_35' title='bbox 830 808 989 848; x_wconf 83' lang='lat' dir='ltr'><strong>illustri</strong></span> <span class='ocrx_word' id='word_1_36' title='bbox 1019 809 1114 849; x_wconf 92' lang='lat' dir='ltr'>loco</span> <span class='ocrx_word' id='word_1_37' title='bbox 1156 808 1206 848; x_wconf 86' lang='lat' dir='ltr'>de</span> <span class='ocrx_word' id='word_1_38' title='bbox 1238 807 1329 860; x_wconf 88' lang='lat' dir='ltr'>ejus</span> <span class='ocrx_word' id='word_1_39' title='bbox 1368 808 1543 863; x_wconf 89' lang='lat' dir='ltr'>ingenio</span> <span class='ocrx_word' id='word_1_40' title='bbox 1584 809 1753 851; x_wconf 89' lang='lat' dir='ltr'>studiis-</span> 
     </span>
     <span class='ocr_line' id='line_1_7' title="bbox 425 882 1754 942; baseline 0.002 -17"><span class='ocrx_word' id='word_1_41' title='bbox 425 898 510 941; x_wconf 89' lang='lat' dir='ltr'>que</span> <span class='ocrx_word' id='word_1_42' title='bbox 532 882 805 938; x_wconf 86' lang='lat' dir='ltr'>judicemus:</span> <span class='ocrx_word' id='word_1_43' title='bbox 839 883 924 926; x_wconf 90' lang='lat' dir='ltr'>imo</span> <span class='ocrx_word' id='word_1_44' title='bbox 955 899 1050 927; x_wconf 91' lang='lat' dir='ltr'>vero</span> <span class='ocrx_word' id='word_1_45' title='bbox 1080 891 1164 927; x_wconf 91' lang='lat' dir='ltr'>tam</span> <span class='ocrx_word' id='word_1_46' title='bbox 1196 883 1424 942; x_wconf 83' lang='lat' dir='ltr'>singularis</span> <span class='ocrx_word' id='word_1_47' title='bbox 1461 883 1553 939; x_wconf 88' lang='lat' dir='ltr'>ejus</span> <span class='ocrx_word' id='word_1_48' title='bbox 1589 884 1754 928; x_wconf 82' lang='lat' dir='ltr'><strong>indoles</strong></span> 
     </span>
     <span class='ocr_line' id='line_1_8' title="bbox 426 961 1753 1018; baseline 0.002 -16"><span class='ocrx_word' id='word_1_49' title='bbox 426 961 534 1014; x_wconf 84' lang='lat' dir='ltr'>fuit,</span> <span class='ocrx_word' id='word_1_50' title='bbox 568 968 616 1003; x_wconf 90' lang='lat' dir='ltr'>ut</span> <span class='ocrx_word' id='word_1_51' title='bbox 645 962 938 1018; x_wconf 87' lang='lat' dir='ltr'>periculosum</span> <span class='ocrx_word' id='word_1_52' title='bbox 971 963 1044 1015; x_wconf 87' lang='lat' dir='ltr'>sit,</span> <span class='ocrx_word' id='word_1_53' title='bbox 1079 963 1282 1003; x_wconf 90' lang='lat' dir='ltr'>continuo</span> <span class='ocrx_word' id='word_1_54' title='bbox 1319 976 1417 1003; x_wconf 89' lang='lat' dir='ltr'>eum</span> <span class='ocrx_word' id='word_1_55' title='bbox 1443 963 1666 1004; x_wconf 86' lang='lat' dir='ltr'>aestimare</span> <span class='ocrx_word' id='word_1_56' title='bbox 1690 978 1753 1004; x_wconf 88' lang='lat' dir='ltr'>se-</span> 
     </span>
     <span class='ocr_line' id='line_1_9' title="bbox 425 1039 1755 1098; baseline 0.002 -18"><span class='ocrx_word' id='word_1_57' title='bbox 425 1039 617 1081; x_wconf 90' lang='lat' dir='ltr'>cundum</span> <span class='ocrx_word' id='word_1_58' title='bbox 643 1040 872 1098; x_wconf 87' lang='lat' dir='ltr'>quamdam</span> <span class='ocrx_word' id='word_1_59' title='bbox 903 1040 1022 1081; x_wconf 91' lang='lat' dir='ltr'>nobis</span> <span class='ocrx_word' id='word_1_60' title='bbox 1052 1049 1124 1081; x_wconf 82' lang='lat' dir='ltr'>aut</span> <span class='ocrx_word' id='word_1_61' title='bbox 1151 1040 1318 1081; x_wconf 88' lang='lat' dir='ltr'>insitam</span> <span class='ocrx_word' id='word_1_62' title='bbox 1344 1047 1419 1081; x_wconf 86' lang='lat' dir='ltr'>aut</span> <span class='ocrx_word' id='word_1_63' title='bbox 1446 1040 1755 1082; x_wconf 88' lang='lat' dir='ltr'>consuetudine</span> 
     </span>
     <span class='ocr_line' id='line_1_10' title="bbox 424 1116 1756 1173; baseline 0 -15"><span class='ocrx_word' id='word_1_64' title='bbox 424 1118 642 1173; x_wconf 86' lang='lat' dir='ltr'>propriam</span> <span class='ocrx_word' id='word_1_65' title='bbox 680 1132 871 1159; x_wconf 90' lang='lat' dir='ltr'>normam</span> <span class='ocrx_word' id='word_1_66' title='bbox 915 1118 1195 1172; x_wconf 80' lang='lat' dir='ltr'><strong>praestantiae</strong></span> <span class='ocrx_word' id='word_1_67' title='bbox 1230 1116 1531 1173; x_wconf 75' lang='lat' dir='ltr'>ponderandae</span> <span class='ocrx_word' id='word_1_68' title='bbox 1564 1116 1628 1159; x_wconf 79' lang='lat' dir='ltr'>vel</span> <span class='ocrx_word' id='word_1_69' title='bbox 1666 1116 1756 1158; x_wconf 88' lang='lat' dir='ltr'>vitii</span> 
     </span>
     <span class='ocr_line' id='line_1_11' title="bbox 425 1192 1754 1250; baseline 0.001 -16"><span class='ocrx_word' id='word_1_70' title='bbox 425 1193 779 1250; x_wconf 87' lang='lat' dir='ltr'>reprehendendi.</span> <span class='ocrx_word' id='word_1_71' title='bbox 813 1195 910 1250; x_wconf 87' lang='lat' dir='ltr'>Ipsa</span> <span class='ocrx_word' id='word_1_72' title='bbox 938 1193 1016 1235; x_wconf 90' lang='lat' dir='ltr'>viri</span> <span class='ocrx_word' id='word_1_73' title='bbox 1039 1194 1197 1249; x_wconf 89' lang='lat' dir='ltr'>scripta</span> <span class='ocrx_word' id='word_1_74' title='bbox 1222 1192 1454 1236; x_wconf 87' lang='lat' dir='ltr'>evolvenda</span> <span class='ocrx_word' id='word_1_75' title='bbox 1483 1202 1607 1236; x_wconf 90' lang='lat' dir='ltr'>sunt:</span> <span class='ocrx_word' id='word_1_76' title='bbox 1652 1208 1754 1236; x_wconf 86' lang='lat' dir='ltr'>con-</span> 
     </span>
     <span class='ocr_line' id='line_1_12' title="bbox 424 1271 1752 1330; baseline 0.001 -16"><span class='ocrx_word' id='word_1_77' title='bbox 424 1275 564 1324; x_wconf 87' lang='lat' dir='ltr'>tinuo,</span> <span class='ocrx_word' id='word_1_78' title='bbox 599 1273 809 1330; x_wconf 90' lang='lat' dir='ltr'>numquid</span> <span class='ocrx_word' id='word_1_79' title='bbox 837 1274 928 1328; x_wconf 86' lang='lat' dir='ltr'>ipse</span> <span class='ocrx_word' id='word_1_80' title='bbox 956 1271 1201 1322; x_wconf 83' lang='lat' dir='ltr'>tradiderit,</span> <span class='ocrx_word' id='word_1_81' title='bbox 1230 1288 1277 1314; x_wconf 87' lang='lat' dir='ltr'>ex</span> <span class='ocrx_word' id='word_1_82' title='bbox 1304 1288 1389 1330; x_wconf 92' lang='lat' dir='ltr'>quo</span> <span class='ocrx_word' id='word_1_83' title='bbox 1426 1273 1489 1315; x_wconf 91' lang='lat' dir='ltr'>vel</span> <span class='ocrx_word' id='word_1_84' title='bbox 1516 1273 1752 1315; x_wconf 91' lang='lat' dir='ltr'>studiorum</span> 
     </span>
     <span class='ocr_line' id='line_1_13' title="bbox 422 1348 1754 1408; baseline -0.001 -16"><span class='ocrx_word' id='word_1_85' title='bbox 422 1348 513 1404; x_wconf 89' lang='lat' dir='ltr'>ejus</span> <span class='ocrx_word' id='word_1_86' title='bbox 544 1350 736 1393; x_wconf 85' lang='lat' dir='ltr'>notitiam</span> <span class='ocrx_word' id='word_1_87' title='bbox 767 1364 999 1408; x_wconf 82' lang='lat' dir='ltr'>quaerere,</span> <span class='ocrx_word' id='word_1_88' title='bbox 1036 1350 1103 1392; x_wconf 86' lang='lat' dir='ltr'>vel</span> <span class='ocrx_word' id='word_1_89' title='bbox 1133 1349 1356 1406; x_wconf 89' lang='lat' dir='ltr'>cujusdam</span> <span class='ocrx_word' id='word_1_90' title='bbox 1386 1351 1431 1393; x_wconf 91' lang='lat' dir='ltr'>in</span> <span class='ocrx_word' id='word_1_91' title='bbox 1467 1350 1516 1392; x_wconf 87' lang='lat' dir='ltr'>iis</span> <span class='ocrx_word' id='word_1_92' title='bbox 1544 1350 1754 1393; x_wconf 78' lang='lat' dir='ltr'>varietatis</span> 
     </span>
     <span class='ocr_line' id='line_1_14' title="bbox 422 1427 1752 1485; baseline 0 -16"><span class='ocrx_word' id='word_1_93' title='bbox 422 1434 463 1469; x_wconf 86' lang='lat' dir='ltr'>et</span> <span class='ocrx_word' id='word_1_94' title='bbox 505 1428 753 1470; x_wconf 87' lang='lat' dir='ltr'>mutationis</span> <span class='ocrx_word' id='word_1_95' title='bbox 785 1434 929 1469; x_wconf 89' lang='lat' dir='ltr'>notam</span> <span class='ocrx_word' id='word_1_96' title='bbox 975 1428 1141 1469; x_wconf 86' lang='lat' dir='ltr'>efficere</span> <span class='ocrx_word' id='word_1_97' title='bbox 1180 1428 1334 1479; x_wconf 88' lang='lat' dir='ltr'>liceat,</span> <span class='ocrx_word' id='word_1_98' title='bbox 1380 1427 1752 1485; x_wconf 87' lang='lat' dir='ltr'>investigandum:</span> 
     </span>
     <span class='ocr_line' id='line_1_15' title="bbox 421 1505 1752 1564; baseline -0.001 -18"><span class='ocrx_word' id='word_1_99' title='bbox 421 1513 513 1548; x_wconf 87' lang='lat' dir='ltr'>tum</span> <span class='ocrx_word' id='word_1_100' title='bbox 538 1506 706 1564; x_wconf 88' lang='lat' dir='ltr'>singula</span> <span class='ocrx_word' id='word_1_101' title='bbox 725 1506 884 1562; x_wconf 89' lang='lat' dir='ltr'>scripta</span> <span class='ocrx_word' id='word_1_102' title='bbox 912 1505 975 1547; x_wconf 88' lang='lat' dir='ltr'>ita</span> <span class='ocrx_word' id='word_1_103' title='bbox 1003 1505 1279 1547; x_wconf 84' lang='lat' dir='ltr'>examinanda</span> <span class='ocrx_word' id='word_1_104' title='bbox 1304 1513 1346 1547; x_wconf 89' lang='lat' dir='ltr'>et</span> <span class='ocrx_word' id='word_1_105' title='bbox 1371 1506 1483 1548; x_wconf 89' lang='lat' dir='ltr'>inter</span> <span class='ocrx_word' id='word_1_106' title='bbox 1504 1520 1548 1547; x_wconf 90' lang='lat' dir='ltr'>se</span> <span class='ocrx_word' id='word_1_107' title='bbox 1579 1519 1752 1561; x_wconf 89' lang='lat' dir='ltr'>compa·</span> 
     </span>
     <span class='ocr_line' id='line_1_16' title="bbox 422 1583 1753 1640; baseline 0 -15"><span class='ocrx_word' id='word_1_108' title='bbox 422 1585 555 1627; x_wconf 83' lang='lat' dir='ltr'>randa</span> <span class='ocrx_word' id='word_1_109' title='bbox 575 1618 585 1637; x_wconf 96' lang='lat'>,</span> <span class='ocrx_word' id='word_1_110' title='bbox 619 1593 667 1626; x_wconf 90' lang='lat' dir='ltr'>ut</span> <span class='ocrx_word' id='word_1_111' title='bbox 694 1585 760 1625; x_wconf 87' lang='lat' dir='ltr'>illi</span> <span class='ocrx_word' id='word_1_112' title='bbox 775 1584 965 1638; x_wconf 88' lang='lat' dir='ltr'>judicio,</span> <span class='ocrx_word' id='word_1_113' title='bbox 998 1583 1121 1637; x_wconf 91' lang='lat' dir='ltr'>cujus</span> <span class='ocrx_word' id='word_1_114' title='bbox 1152 1598 1344 1626; x_wconf 88' lang='lat' dir='ltr'>normam</span> <span class='ocrx_word' id='word_1_115' title='bbox 1372 1584 1426 1626; x_wconf 92' lang='lat' dir='ltr'>ab</span> <span class='ocrx_word' id='word_1_116' title='bbox 1458 1584 1549 1640; x_wconf 90' lang='lat' dir='ltr'>ipso</span> <span class='ocrx_word' id='word_1_117' title='bbox 1574 1599 1753 1640; x_wconf 87' lang='lat' dir='ltr'>accepe-</span> 
     </span>
     <span class='ocr_line' id='line_1_17' title="bbox 422 1660 1750 1721; baseline 0 -18"><span class='ocrx_word' id='word_1_118' title='bbox 422 1663 556 1705; x_wconf 84' lang='lat' dir='ltr'>rimus</span> <span class='ocrx_word' id='word_1_119' title='bbox 608 1661 908 1717; x_wconf 84' lang='lat' dir='ltr'>subjiciantur.</span> <span class='ocrx_word' id='word_1_120' title='bbox 955 1662 1026 1704; x_wconf 90' lang='lat' dir='ltr'>Sie</span> <span class='ocrx_word' id='word_1_121' title='bbox 1072 1661 1213 1720; x_wconf 86' lang='lat' dir='ltr'>imago</span> <span class='ocrx_word' id='word_1_122' title='bbox 1250 1660 1341 1717; x_wconf 78' lang='lat' dir='ltr'>ejus</span> <span class='ocrx_word' id='word_1_123' title='bbox 1389 1662 1532 1721; x_wconf 87' lang='lat' dir='ltr'>effingi</span> <span class='ocrx_word' id='word_1_124' title='bbox 1568 1661 1750 1719; x_wconf 87' lang='lat' dir='ltr'>poterit:</span> 
     </span>
     <span class='ocr_line' id='line_1_18' title="bbox 422 1739 1748 1797; baseline 0 -16"><span class='ocrx_word' id='word_1_125' title='bbox 422 1754 531 1797; x_wconf 84' lang='lat' dir='ltr'>quae</span> <span class='ocrx_word' id='word_1_126' title='bbox 558 1739 594 1781; x_wconf 93' lang='lat' dir='ltr'>si</span> <span class='ocrx_word' id='word_1_127' title='bbox 622 1740 798 1781; x_wconf 86' lang='lat' dir='ltr'>fortasse</span> <span class='ocrx_word' id='word_1_128' title='bbox 825 1740 1003 1795; x_wconf 88' lang='grc' dir='ltr'><strong><em>ποικίλη</em></strong></span> <span class='ocrx_word' id='word_1_129' title='bbox 1032 1741 1137 1791; x_wconf 86' lang='lat' dir='ltr'>erit,</span> <span class='ocrx_word' id='word_1_130' title='bbox 1171 1747 1312 1782; x_wconf 88' lang='lat' dir='ltr'>tamen</span> <span class='ocrx_word' id='word_1_131' title='bbox 1335 1746 1382 1780; x_wconf 90' lang='lat' dir='ltr'>ut</span> <span class='ocrx_word' id='word_1_132' title='bbox 1414 1754 1508 1782; x_wconf 85' lang='lat' dir='ltr'>vera</span> <span class='ocrx_word' id='word_1_133' title='bbox 1542 1741 1620 1789; x_wconf 90' lang='lat' dir='ltr'>sit,</span> <span class='ocrx_word' id='word_1_134' title='bbox 1655 1755 1748 1781; x_wconf 82' lang='lat' dir='ltr'>ma-</span> 
     </span>
     <span class='ocr_line' id='line_1_19' title="bbox 419 1818 941 1876; baseline 0.002 -15"><span class='ocrx_word' id='word_1_135' title='bbox 419 1833 608 1876; x_wconf 88' lang='lat' dir='ltr'>gnopere</span> <span class='ocrx_word' id='word_1_136' title='bbox 636 1818 941 1862; x_wconf 86' lang='lat' dir='ltr'>laborabimus.</span> 
     </span>
    </p>

    <p class='ocr_par' dir='ltr' id='par_1_3' title="bbox 415 1897 1748 2503">
     <span class='ocr_line' id='line_1_20' title="bbox 478 1897 1747 1950; baseline -0.002 -11"><span class='ocrx_word' id='word_1_137' title='bbox 478 1897 649 1940; x_wconf 84' lang='lat' dir='ltr'>Exstitit</span> <span class='ocrx_word' id='word_1_138' title='bbox 671 1905 835 1948; x_wconf 90' lang='lat' dir='ltr'>autem,</span> <span class='ocrx_word' id='word_1_139' title='bbox 861 1906 909 1940; x_wconf 91' lang='lat' dir='ltr'>ut</span> <span class='ocrx_word' id='word_1_140' title='bbox 939 1898 1195 1950; x_wconf 89' lang='lat' dir='ltr'>videbimus,</span> <span class='ocrx_word' id='word_1_141' title='bbox 1217 1898 1262 1940; x_wconf 91' lang='lat' dir='ltr'>in</span> <span class='ocrx_word' id='word_1_142' title='bbox 1283 1898 1471 1941; x_wconf 86' lang='lat' dir='ltr'>Luciano</span> <span class='ocrx_word' id='word_1_143' title='bbox 1487 1897 1567 1940; x_wconf 88' lang='lat' dir='ltr'>sub</span> <span class='ocrx_word' id='word_1_144' title='bbox 1587 1911 1747 1940; x_wconf 84' lang='lat' dir='ltr'>annum</span> 
     </span>
     <span class='ocr_line' id='line_1_21' title="bbox 415 1975 1746 2034; baseline -0.002 -16"><span class='ocrx_word' id='word_1_145' title='bbox 415 1975 563 2019; x_wconf 83' lang='lat' dir='ltr'>aetatis</span> <span class='ocrx_word' id='word_1_146' title='bbox 586 1976 656 2019; x_wconf 87' lang='lat' dir='ltr'>XL</span> <span class='ocrx_word' id='word_1_147' title='bbox 680 1976 918 2019; x_wconf 78' lang='lat' dir='ltr'>studiorum</span> <span class='ocrx_word' id='word_1_148' title='bbox 950 1976 1238 2020; x_wconf 85' lang='lat' dir='ltr'>commutatio.</span> <span class='ocrx_word' id='word_1_149' title='bbox 1272 1976 1392 2030; x_wconf 87' lang='lat' dir='ltr'>Quae</span> <span class='ocrx_word' id='word_1_150' title='bbox 1420 1975 1558 2034; x_wconf 86' lang='lat' dir='ltr'>qualis</span> <span class='ocrx_word' id='word_1_151' title='bbox 1590 1975 1746 2025; x_wconf 80' lang='lat' dir='ltr'>fuerit,</span> 
     </span>
     <span class='ocr_line' id='line_1_22' title="bbox 417 2054 1745 2113; baseline 0 -18"><span class='ocrx_word' id='word_1_152' title='bbox 417 2054 661 2113; x_wconf 86' lang='lat' dir='ltr'>quibusque</span> <span class='ocrx_word' id='word_1_153' title='bbox 696 2055 742 2096; x_wconf 90' lang='lat' dir='ltr'>in</span> <span class='ocrx_word' id='word_1_154' title='bbox 771 2055 897 2097; x_wconf 84' lang='lat' dir='ltr'>rebus</span> <span class='ocrx_word' id='word_1_155' title='bbox 924 2063 1112 2099; x_wconf 82' lang='lat' dir='ltr'>versatus</span> <span class='ocrx_word' id='word_1_156' title='bbox 1149 2055 1279 2096; x_wconf 86' lang='lat' dir='ltr'>fuerit</span> <span class='ocrx_word' id='word_1_157' title='bbox 1315 2069 1476 2112; x_wconf 85' lang='lat' dir='ltr'>quaeve</span> <span class='ocrx_word' id='word_1_158' title='bbox 1504 2062 1601 2096; x_wconf 86' lang='lat' dir='ltr'>ante</span> <span class='ocrx_word' id='word_1_159' title='bbox 1638 2054 1745 2095; x_wconf 76' lang='lat' dir='ltr'>illud</span> 
     </span>
     <span class='ocr_line' id='line_1_23' title="bbox 418 2132 1748 2188; baseline -0.001 -15"><span class='ocrx_word' id='word_1_160' title='bbox 418 2140 584 2188; x_wconf 89' lang='lat' dir='ltr'>tempus</span> <span class='ocrx_word' id='word_1_161' title='bbox 613 2133 859 2188; x_wconf 85' lang='lat' dir='ltr'>scripserit,</span> <span class='ocrx_word' id='word_1_162' title='bbox 894 2133 1194 2188; x_wconf 79' lang='lat' dir='ltr'>explicandum</span> <span class='ocrx_word' id='word_1_163' title='bbox 1227 2140 1318 2184; x_wconf 91' lang='lat' dir='ltr'>est,</span> <span class='ocrx_word' id='word_1_164' title='bbox 1351 2140 1399 2173; x_wconf 90' lang='lat' dir='ltr'>ut</span> <span class='ocrx_word' id='word_1_165' title='bbox 1434 2132 1589 2174; x_wconf 90' lang='lat' dir='ltr'>deinde</span> <span class='ocrx_word' id='word_1_166' title='bbox 1617 2132 1748 2188; x_wconf 82' lang='lat' dir='ltr'>possit</span> 
     </span>
     <span class='ocr_line' id='line_1_24' title="bbox 418 2210 1742 2269; baseline 0 -17"><span class='ocrx_word' id='word_1_167' title='bbox 418 2212 681 2253; x_wconf 88' lang='lat' dir='ltr'>luculentius</span> <span class='ocrx_word' id='word_1_168' title='bbox 706 2212 885 2267; x_wconf 78' lang='lat' dir='ltr'>exponi,</span> <span class='ocrx_word' id='word_1_169' title='bbox 914 2227 1024 2269; x_wconf 91' lang='lat' dir='ltr'>quae</span> <span class='ocrx_word' id='word_1_170' title='bbox 1048 2211 1280 2267; x_wconf 84' lang='lat' dir='ltr'>perfecerit</span> <span class='ocrx_word' id='word_1_171' title='bbox 1296 2218 1454 2267; x_wconf 87' lang='lat' dir='ltr'>postea.</span> <span class='ocrx_word' id='word_1_172' title='bbox 1487 2210 1601 2253; x_wconf 88' lang='lat' dir='ltr'>Haec</span> <span class='ocrx_word' id='word_1_173' title='bbox 1617 2225 1742 2268; x_wconf 88' lang='lat' dir='ltr'>ergo,</span> 
     </span>
     <span class='ocr_line' id='line_1_25' title="bbox 417 2287 1744 2347; baseline -0.002 -17"><span class='ocrx_word' id='word_1_174' title='bbox 417 2303 546 2347; x_wconf 88' lang='lat' dir='ltr'>quam</span> <span class='ocrx_word' id='word_1_175' title='bbox 569 2288 660 2343; x_wconf 88' lang='lat' dir='ltr'>jam</span> <span class='ocrx_word' id='word_1_176' title='bbox 699 2288 890 2340; x_wconf 84' lang='lat' dir='ltr'>edimus,</span> <span class='ocrx_word' id='word_1_177' title='bbox 924 2288 1164 2331; x_wconf 86' lang='lat' dir='ltr'>dissertatio</span> <span class='ocrx_word' id='word_1_178' title='bbox 1203 2295 1264 2331; x_wconf 92' lang='lat' dir='ltr'>est</span> <span class='ocrx_word' id='word_1_179' title='bbox 1294 2287 1347 2330; x_wconf 88' lang='lat' dir='ltr'>de</span> <span class='ocrx_word' id='word_1_180' title='bbox 1385 2287 1562 2330; x_wconf 88' lang='lat' dir='ltr'>Luciani</span> <span class='ocrx_word' id='word_1_181' title='bbox 1595 2287 1744 2329; x_wconf 83' lang='lat' dir='ltr'>studiis</span> 
     </span>
     <span class='ocr_line' id='line_1_26' title="bbox 415 2366 1740 2428; baseline -0.002 -20"><span class='ocrx_word' id='word_1_182' title='bbox 415 2366 671 2428; x_wconf 87' lang='lat' dir='ltr'>scriptisque</span> <span class='ocrx_word' id='word_1_183' title='bbox 693 2366 986 2423; x_wconf 76' lang='lat' dir='ltr'>Juvenilibus:</span> <span class='ocrx_word' id='word_1_184' title='bbox 1015 2381 1135 2423; x_wconf 87' lang='lat' dir='ltr'>pars,</span> <span class='ocrx_word' id='word_1_185' title='bbox 1164 2374 1211 2408; x_wconf 91' lang='lat' dir='ltr'>ut</span> <span class='ocrx_word' id='word_1_186' title='bbox 1235 2380 1472 2423; x_wconf 78' lang='lat' dir='ltr'>speramus.</span> <span class='ocrx_word' id='word_1_187' title='bbox 1502 2373 1647 2422; x_wconf 87' lang='lat' dir='ltr'>postea</span> <span class='ocrx_word' id='word_1_188' title='bbox 1673 2366 1740 2406; x_wconf 86' lang='lat' dir='ltr'>fu·-</span> 
     </span>
     <span class='ocr_line' id='line_1_27' title="bbox 415 2443 1743 2503; baseline -0.003 -15"><span class='ocrx_word' id='word_1_189' title='bbox 415 2455 509 2488; x_wconf 88' lang='lat' dir='ltr'>tura</span> <span class='ocrx_word' id='word_1_190' title='bbox 544 2446 853 2503; x_wconf 91' lang='lat' dir='ltr'>disquisitionis</span> <span class='ocrx_word' id='word_1_191' title='bbox 896 2446 949 2487; x_wconf 90' lang='lat' dir='ltr'>de</span> <span class='ocrx_word' id='word_1_192' title='bbox 996 2446 1214 2497; x_wconf 89' lang='lat' dir='ltr'>Luciano,</span> <span class='ocrx_word' id='word_1_193' title='bbox 1254 2445 1395 2502; x_wconf 89' lang='lat' dir='ltr'>deque</span> <span class='ocrx_word' id='word_1_194' title='bbox 1435 2444 1608 2500; x_wconf 90' lang='lat' dir='ltr'>proprio</span> <span class='ocrx_word' id='word_1_195' title='bbox 1650 2443 1743 2497; x_wconf 87' lang='lat' dir='ltr'>ejus</span> 
     </span>
    </p>
   </div>
   <div class='ocr_carea' id='block_1_3' title="bbox 414 2524 1373 2582">
    <p class='ocr_par' dir='ltr' id='par_1_4' title="bbox 414 2524 1373 2582">
     <span class='ocr_line' id='line_1_28' title="bbox 414 2524 1373 2582; baseline 0 -16"><span class='ocrx_word' id='word_1_196' title='bbox 414 2524 630 2567; x_wconf 88' lang='lat' dir='ltr'>scribendi</span> <span class='ocrx_word' id='word_1_197' title='bbox 655 2540 836 2582; x_wconf 86' lang='lat' dir='ltr'>genere,</span> <span class='ocrx_word' id='word_1_198' title='bbox 871 2524 1046 2567; x_wconf 83' lang='lat' dir='ltr'>consilio</span> <span class='ocrx_word' id='word_1_199' title='bbox 1082 2532 1123 2567; x_wconf 90' lang='lat' dir='ltr'>et</span> <span class='ocrx_word' id='word_1_200' title='bbox 1152 2524 1373 2567; x_wconf 84' lang='lat' dir='ltr'>sententia.</span> 
     </span>
    </p>
   </div>
   <div class='ocr_carea' id='block_1_4' title="bbox 2068 0 2154 3500">
    <p class='ocr_par' dir='ltr' id='par_1_5' title="bbox 2068 0 2154 3500">
     <span class='ocr_line' id='line_1_29' title="bbox 2068 0 2154 3500; baseline 0 0"><span class='ocrx_word' id='word_1_201' title='bbox 2068 0 2154 3500; x_wconf 95' lang='lat' dir='ltr'> </span> 
     </span>
    </p>
   </div>
  </div>
 </body>
</html>
