2154 3500
1082 270 1136 309 56

490 396 764 453 Προπαιδείᾳ
790 396 936 436 futuro
957 394 1113 435 rhetori
1147 408 1254 449 opus
1279 402 1341 434 est
1369 396 1490 438 nulla
1515 410 1545 454 1,
1570 398 1658 440 sola
1676 399 1761 440 via-

434 476 517 518 tica
560 473 794 517 afferantur
829 473 1082 524 inscientia,
1115 471 1399 524 confidentia,
1439 474 1645 529 audacia,
1683 476 1763 517 im-

432 552 638 609 pudentia
656 585 668 605 ,
711 552 872 594 clamor
914 566 1043 610 quam
1095 551 1328 602 maximus,
1380 549 1551 595 habitus
1594 554 1764 596 luxuria

429 631 651 683 diffluens,
685 630 912 688 pedisequi
939 637 981 674 ct
1009 630 1133 673 liber.
1181 628 1365 688 Reliqua
1398 629 1444 671 in
1487 629 1580 688 ipso
1611 631 1765 676 itinere
1830 669 1840 676 ,.

443 718 540 750 nter
579 709 942 765 progrediendum
984 716 1205 763 parantur.
1253 707 1509 759 Quindecim
1560 710 1763 761 circiter,

429 804 515 831 non
546 789 672 844 plura
713 797 830 831 certe
865 803 994 844 quam
1029 787 1181 844 viginti
1211 786 1352 829 Attica
1379 788 1534 839 verba,
1580 803 1765 845 quorum

429 867 552 924 quasi
591 867 866 910 condimento
912 880 1198 924 unaquaeque
1238 865 1371 908 oratio
1418 865 1696 923 adspergatur
1732 878 1764 911 ².

430 947 540 988 Item
558 945 752 988 abstrusa
775 951 817 987 et
842 934 1203 997 obsoleta'verba,
1233 958 1343 1003 quae
1364 942 1611 1000 jaculorum
1635 945 1766 989 instar

434 1025 684 1066 emittantur
737 1024 782 1065 in
825 1037 921 1075 e03,
973 1023 1230 1081 quibuscum
1285 1023 1501 1080 loquaris3
1548 1023 1764 1065 interdum

433 1104 561 1145 etiam
601 1117 711 1143 nova
746 1109 787 1143 et
829 1101 1154 1142 insolentissime
1194 1101 1375 1142 conficta
1406 1104 1436 1142 ³.
1476 1101 1766 1159 Antiquarum

434 1178 626 1235 exempla
657 1179 938 1236 ignorentur;
963 1178 1249 1220 recentiorum
1266 1177 1596 1221 declamationes
1618 1178 1765 1236 legan-

436 1265 506 1299 tur
538 1264 580 1300 et
606 1256 897 1313 compilentur
925 1255 954 1299 ⁴.
987 1255 1202 1298 Orationis
1242 1256 1453 1299 sententia
1470 1290 1481 1309 ,
1507 1256 1612 1299 ordo
1628 1290 1639 1309 ,
1663 1271 1766 1299 con-

433 1335 616 1377 cinnitas
643 1333 951 1376 contumeliose
975 1333 1264 1390 negligantur;
1290 1334 1376 1375 sola
1394 1348 1497 1376 cura
1522 1342 1564 1376 et
1577 1334 1767 1376 studium

432 1414 478 1455 in
508 1428 557 1455 eo
590 1413 725 1468 posita
756 1411 871 1463 sint,
904 1417 953 1453 ut
981 1426 1035 1453 ne
1072 1418 1212 1453 taceas
1243 1410 1273 1453 ⁵.
1306 1410 1523 1467 Antiquae
1560 1411 1767 1454 Graeciae

484 1562 498 1580 ¹
526 1563 587 1594 nh.
615 1564 720 1594 Praec.
740 1574 769 1595 c.
785 1562 837 1594 14.
866 1563 953 1594 Libet
971 1564 1024 1594 hie
1042 1564 1162 1604 aliquot
1182 1563 1361 1594 Latinorum
1378 1575 1413 1595 ac
1432 1565 1618 1596 Graecorum
1640 1566 1765 1605 scripto-

440 1630 507 1649 rum
535 1619 620 1649 locos
636 1628 805 1658 apponere,
827 1618 881 1659 qui
900 1618 1029 1649 Luciani
1041 1618 1160 1659 judicia
1176 1618 1367 1650 confirmant.

484 1674 628 1715 Neglecta
650 1674 775 1713 praevia
798 1674 973 1714 disciplina,
987 1674 1020 1704 in
1032 1673 1120 1711 nial.
1139 1674 1176 1704 de
1192 1680 1283 1705 oratt.
1304 1686 1331 1706 c.
1352 1673 1396 1705 32
1408 1697 1417 1715 ,
1435 1676 1532 1714 prima
1551 1686 1658 1706 caussa
1684 1682 1772 1707 nota-

437 1739 489 1762 tur
506 1737 666 1770 corruptae
685 1731 900 1770 imperatorum
918 1740 995 1760 aevo
1013 1729 1209 1770 eloquentiae
1227 1729 1277 1771 (de
1299 1731 1406 1761 Graec.
1431 1732 1513 1762 conf.
1535 1731 1609 1763 ibid.
1632 1742 1659 1762 c.
1680 1730 1767 1774 15.);

435 1787 567 1828 Quintil,
588 1786 666 1817 Inst.
687 1786 773 1817 Orat.
795 1786 818 1816 l.
839 1785 891 1825 11,
910 1797 938 1816 c.
961 1784 1018 1816 XX
1032 1809 1041 1825 ,
1061 1784 1103 1825 2,
1136 1797 1153 1816 r
1166 1786 1281 1817 multos
1309 1786 1392 1817 enim
1420 1787 1510 1817 video
1528 1786 1574 1828 (in
1592 1787 1705 1818 studiis
1724 1787 1772 1818 di-

432 1843 553 1886 cendi),
585 1843 651 1874 sine
675 1843 816 1881 ratione,
848 1842 914 1872 sine
940 1842 1061 1882 literis,
1090 1852 1152 1881 qua
1179 1842 1229 1872 vel
1263 1842 1452 1882 impudentia
1471 1844 1522 1874 vel
1547 1844 1642 1874 fames
1659 1843 1764 1883 duxit,

431 1906 567 1931 ruentem
578 1912 597 1931 n

481 1958 496 1976 ²
522 1956 583 1988 Rh.
608 1957 659 1988 Pr.
686 1968 714 1988 c.
742 1956 806 1998 16,
836 1955 886 1990 18.
914 1957 1094 1988 Eorundem
1114 1956 1235 1988 verbor.
1254 1957 1381 1987 abusum
1400 1956 1469 1987 risit
1488 1955 1561 1987 Luc.
1581 1956 1615 1987 in
1641 1955 1769 1997 Lexiplr.

433 2023 460 2043 c.
479 2010 540 2048 21;
566 2016 598 2042 et
627 2017 696 2051 post
726 2022 795 2042 eum
826 2011 1030 2052 Themistius,
1057 2011 1144 2045 Orat.
1160 2010 1176 2041 1
1188 2034 1197 2052 ‚
1216 2012 1297 2045 conf.
1328 2011 1497 2042 Cresollius
1510 2034 1521 2052 ,
1534 2010 1660 2043 Theatr.
1677 2011 1766 2043 Rhet.

433 2068 457 2098 l.
480 2067 551 2108 111,
575 2078 605 2106 p.
624 2066 701 2098 335.

487 2130 502 2150 ⁵
528 2131 588 2162 Rh.
612 2131 663 2163 Pr.
685 2142 712 2162 c.
746 2130 798 2163 17.
833 2131 1015 2173 Singulatim
1042 2131 1101 2162 hae
1126 2132 1164 2162 de
1186 2142 1218 2162 re
1242 2131 1315 2162 Luc.
1338 2131 1371 2162 in
1399 2131 1575 2171 Lexiphane
1592 2153 1637 2160 -
1654 2130 1771 2162 Genus

435 2187 584 2229 dicendi
609 2191 786 2217 vetustum
806 2188 838 2216 in
855 2199 900 2226 pr.
920 2187 1035 2217 amavit
1053 2188 1215 2226 imperator
1232 2187 1405 2217 Hadrianus
1417 2209 1427 2227 ‚
1446 2187 1509 2218 vid.
1527 2187 1598 2220 Ael.
1620 2187 1720 2226 Spart.
1739 2187 1771 2217 in

435 2241 511 2272 Adr.
537 2252 565 2273 c.
592 2239 645 2272 16.
684 2240 838 2272 Colorem
864 2242 1082 2273 vetuscnlum
1101 2243 1294 2285 appingere
1310 2242 1442 2274 orationi
1460 2242 1502 2274 Μ.
1522 2241 1668 2275 Aurelius
1681 2242 1771 2283 juhe-

432 2302 484 2326 tur
510 2308 529 2327 a
558 2303 752 2336 praeceptore
779 2297 818 2327 M.
844 2298 934 2327 Com.
962 2298 1135 2337 Frontone,
1160 2299 1222 2328 vid.
1250 2299 1343 2339 hujus
1360 2298 1528 2338 reliquias,
1545 2299 1593 2329 ed.
1614 2298 1761 2329 Niebuhr.

434 2364 462 2391 p.
486 2351 551 2385 107
563 2376 572 2393 ,
599 2351 682 2394 119,
706 2351 783 2385 121.
808 2353 877 2384 Jam
895 2353 1007 2385 Seneca
1019 2378 1028 2394 ,
1053 2354 1148 2394 Epist.
1175 2353 1257 2395 114,
1277 2366 1293 2386 α
1308 2354 1383 2386 Cum
1396 2354 1526 2385 assuerit
1541 2354 1662 2386 animus
1679 2354 1766 2386 fasti-

433 2409 499 2437 ‹lire
512 2431 521 2447 ,
543 2419 622 2448 quae
648 2420 687 2439 ex
705 2419 789 2439 more
810 2415 881 2438 sunt
900 2409 991 2439 etiam
1018 2410 1049 2439 in
1080 2410 1218 2440 oratione
1244 2410 1327 2449 quod
1349 2420 1463 2441 novum
1489 2415 1554 2449 est,
1579 2409 1720 2449 quaerit:
1739 2416 1770 2441 et

432 2466 522 2497 modo
537 2467 664 2507 antiqua
682 2467 776 2497 verba
802 2473 894 2506 atque
917 2467 1038 2498 exoleta
1057 2473 1177 2499 revocat
1194 2473 1224 2499 et
1241 2468 1375 2507 profert,
1396 2467 1486 2499 modo
1509 2466 1595 2508 fingit
1612 2472 1642 2498 et
1659 2467 1763 2508 ignota

430 2523 596 2553 deflectit.»
618 2524 787 2562 Utrumque
811 2521 1016 2560 ὀψιμαθίας
1046 2523 1153 2553 vitium
1181 2530 1271 2554 notat
1298 2524 1440 2562 Gellius,
1459 2522 1496 2553 N.
1516 2522 1581 2553 Att.
1601 2522 1665 2563 XI,
1686 2534 1714 2553 c.
1737 2524 1770 2554 7.

437 2581 527 2614 Conf.
544 2580 713 2613 Hermann.
737 2580 909 2613 Comment.
928 2580 965 2612 ad
984 2579 1055 2612 Luc.
1077 2580 1115 2622 Q.
1137 2579 1217 2613 llist.
1237 2580 1361 2613 Conscr.
1382 2592 1411 2621 p.
1432 2577 1514 2622 268,
1535 2592 1602 2621 sqq.

477 2641 493 2661 ⁴
519 2645 579 2679 Rh.
599 2645 650 2676 Pr.
667 2656 693 2675 c.
717 2642 770 2676 17.
798 2644 887 2676 Cons.
910 2643 985 2674 Luc.
1004 2643 1180 2683 Apophras.
1204 2654 1231 2673 c.
1252 2644 1294 2682 5,
1312 2641 1352 2680 ὃς
1375 2643 1497 2683 Lexiph.
1529 2655 1557 2675 c.
1576 2642 1690 2684 23‚de
1701 2654 1768 2685 quo

433 2702 525 2732 infra.

481 2759 492 2780 ⁵
520 2755 578 2789 Rh.
614 2756 662 2789 Pr.
694 2768 720 2788 e.
755 2755 814 2789 18:
850 2754 1005 2788 Plutarch.
1036 2754 1066 2787 in
1094 2754 1163 2787 hbr.
1182 2754 1218 2787 de
1241 2754 1337 2786 audir.
1358 2754 1462 2787 Reisk.
1482 2754 1514 2787 T.
1536 2754 1599 2797 VI,
1618 2766 1647 2797 p.
1666 2753 1748 2788 1⁴19.-
