2154 3500
1039 316 1095 356 34

402 448 557 489 mirum
589 457 799 503 quantum
839 445 1070 489 abhorrere
1104 459 1128 485 a
1164 444 1365 500 propriae
1397 446 1474 490 illo
1507 449 1737 505 sapientiae

401 523 547 566 fructu
560 557 572 577 ,
588 537 717 581 quem
738 522 929 566 florentis
944 521 1120 565 Luciani
1143 519 1292 564 aetatis
1315 521 1475 578 scripta
1491 526 1734 570 ostendunt.

460 682 679 723 Sententia
710 689 751 723 et
781 682 920 724 forma
953 682 1000 723 in
1028 681 1120 723 aliis
1153 679 1448 735 peculiaribus
1485 696 1737 725 accommo-

397 757 495 803 data
521 765 584 802 est
621 757 847 802 rhetoricis
877 757 1283 816 opportunitatibus.
1316 757 1372 801 Ut
1404 757 1450 801 in
1481 757 1661 817 Hippia
1693 768 1736 804 et

396 837 509 881 libro
530 835 598 881 De
615 836 760 879 Domo
786 838 1020 894 inscripto,
1056 836 1102 879 in
1128 836 1309 895 quibus,
1339 837 1465 894 pacta
1491 844 1596 895 puto
1625 852 1735 882 mer-

396 917 529 967 cede,
576 931 726 959 recens
772 923 987 959 exstructa
1037 915 1244 958 balneum
1283 923 1327 958 et
1367 931 1519 975 occurn
1563 918 1733 973 prolixa

398 994 691 1051 descriptione
723 993 1037 1038 commendavit
1070 994 1099 1038 ¹.

458 1075 551 1117 Hoc
572 1074 676 1116 item
699 1074 744 1116 in
772 1073 921 1130 primis
955 1073 1069 1116 valet
1099 1072 1153 1115 de
1177 1072 1392 1116 Pantheae
1417 1073 1666 1117 laudatione
1689 1075 1735 1116 in

393 1152 567 1195 duobus
598 1151 851 1208 colloquiis,
881 1165 994 1208 quae
1015 1158 1115 1193 sunt
1140 1149 1379 1209 Imagines
1411 1159 1454 1193 et
1486 1150 1584 1193 Pro
1612 1151 1735 1195 Ima-

392 1229 600 1288 ginibus.
655 1230 926 1285 Quamquam
974 1226 1205 1285 sophistica
1248 1227 1356 1272 haec
1406 1228 1554 1272 indole
1597 1230 1735 1272 multo

396 1308 531 1367 magis
556 1322 687 1366 quam
709 1313 873 1359 aetate,
906 1320 994 1364 qua
1022 1306 1183 1363 scripta
1209 1306 1315 1359 sint,
1340 1307 1455 1349 inter
1476 1307 1622 1363 priora
1648 1308 1732 1349 Lu-

384 1388 508 1429 =ciani
533 1387 691 1443 scripta
718 1385 942 1428 referenda
968 1392 1184 1441 putamus.
1218 1386 1378 1428 Tantus
1406 1386 1454 1428 in
1482 1387 1533 1428 iis
1558 1394 1733 1429 ornatus

398 1473 486 1518 est,
512 1473 562 1508 ut
586 1466 621 1509 si
638 1466 739 1509 ficta
754 1498 765 1518 ,
790 1472 839 1507 ut
867 1464 1044 1522 quidam
1070 1465 1317 1520 opinantur,
1341 1464 1517 1507 illorum
1534 1464 1733 1507 materies

388 1552 509 1586 ¹esset
536 1546 568 1595 ²,
596 1543 697 1597 jure
727 1543 901 1585 omnino
938 1557 1016 1598 pro
1055 1541 1241 1596 junioris
1279 1542 1497 1598 scriptoris
1533 1542 1733 1598 operibus

398 1620 597 1664 habenda
630 1620 894 1663 viderentur.
927 1620 1074 1675 Nunc,
1110 1619 1312 1676 quoniam
1337 1634 1386 1662 ex
1416 1619 1519 1677 ipsis
1549 1620 1671 1662 libris
1699 1622 1732 1672 ³,

397 1700 562 1742 collatis
602 1714 701 1741 cum
745 1698 909 1741 scholio
951 1697 1007 1739 ad
1047 1698 1223 1739 titulum
1268 1699 1444 1740 alterius
1482 1706 1526 1741 et
1554 1698 1650 1742 loco
1687 1699 1733 1741 in

393 1776 447 1819 M.
485 1775 652 1819 Aurelii
685 1774 808 1817 libris
843 1775 873 1826 ⁴,
909 1773 1037 1817 nimis
1079 1773 1304 1816 manifesto
1340 1781 1545 1831 apparet,
1589 1790 1731 1819 veram

443 1945 457 1965 ¹
488 1947 578 1978 Cons.
594 1946 740 1987 Hippias,
761 1957 790 1979 c.
802 1945 844 1987 8,
863 1953 894 1979 et
909 1948 1079 1990 wieland‚
1098 1949 1155 1980 Th.
1167 1949 1233 1990 lv,
1254 1950 1285 1981 S.
1303 1948 1382 1982 459.
1407 1948 1481 1980 oeci
1489 1949 1628 1981 laudatio
1637 1949 1730 1980 simul

392 2003 544 2036 rhetorica
553 2010 599 2035 est
609 2005 776 2045 praefatio,
801 2004 864 2035 vid.
884 2005 921 2036 de
937 2005 1055 2045 Domo,
1072 2017 1100 2039 c.
1121 2003 1183 2042 32,
1204 2005 1236 2036 in
1255 2017 1316 2047 qua
1344 2005 1471 2046 pavonis
1488 2005 1604 2040 instar.
1628 2005 1679 2037 cui
1698 2016 1731 2036 se

393 2060 459 2098 ipse
482 2065 661 2099 comparat,
699 2060 768 2101 τὴν
792 2058 903 2103 οὐρὰν
930 2059 1065 2104 ἐπάρας
1089 2060 1152 2091 καὶ
1181 2061 1369 2093 πάντοθεν
1396 2061 1497 2104 αὑτῷ
1515 2062 1732 2105 περιστήσας

391 2114 724 2147 ἐπιδείκνυται
752 2115 805 2147 τὰ
842 2113 964 2158 ἄνθη
992 2116 1047 2148 τὰ
1081 2115 1239 2147 αὑτοῦ.

444 2182 460 2200 2
484 2179 571 2220 Quae
593 2179 750 2211 Wetzlari
767 2179 919 2210 sententia
934 2185 999 2219 est,
1018 2179 1051 2210 in
1072 2179 1188 2211 Comm.
1209 2179 1245 2210 de
1264 2179 1377 2219 Script.
1396 2178 1472 2211 Luc.
1489 2185 1549 2211 etc.
1570 2190 1600 2220 p.
1621 2177 1664 2210 38
1676 2202 1686 2219 ,
1702 2185 1732 2210 et

394 2234 523 2265 alterius
531 2234 634 2267 schol.
656 2235 695 2265 acl
705 2235 791 2266 titul.
805 2234 861 2266 lib.
885 2234 947 2266 Pro
958 2234 1089 2276 Imagin.
1100 2235 1191 2267 Conf.
1201 2235 1294 2266 etiam
1301 2235 1407 2268 Herm.
1419 2235 1453 2266 in
1460 2235 1595 2276 Allgem.
1606 2234 1730 2267 Schulz.

398 2289 503 2331 1832,
528 2302 559 2331 p.
577 2289 654 2323 808.

446 2355 461 2376 ³
488 2356 513 2387 Ε
533 2356 624 2386 modo
648 2366 710 2395 quo
734 2356 847 2394 passim
860 2378 870 2395 ‚
900 2366 930 2386 v.
947 2367 977 2388 c.
995 2355 1089 2396 Imag.
1115 2367 1143 2386 c.
1173 2354 1229 2395 10,
1258 2354 1300 2387 15
1318 2354 1405 2398 (coll.
1423 2355 1484 2387 Pro
1499 2354 1594 2395 Imag.
1614 2365 1642 2385 c.
1662 2352 1731 2396 24.)

395 2411 437 2443 17
451 2435 460 2452 ‚
478 2410 541 2452 20,
570 2409 611 2442 21
641 2422 752 2442 nomen
764 2435 773 2451 ‚
799 2410 896 2451 patria
919 2417 949 2441 et
966 2422 1013 2442 res
1032 2410 1187 2441 Pantheae
1208 2410 1338 2441 strictim
1356 2409 1574 2451 designantur,
1595 2408 1732 2440 dubitari

395 2478 459 2497 non
480 2474 580 2506 potest
595 2491 603 2507 ,
627 2468 704 2507 quin
731 2478 840 2498 revera
867 2477 903 2497 ea
930 2466 1025 2497 fuerit
1044 2477 1123 2507 quae
1147 2467 1308 2501 laudetu13
1330 2465 1451 2497 inutilis
1471 2466 1563 2505 plane
1580 2464 1731 2496 affectatio

393 2523 472 2553 soret
493 2523 523 2552 in
532 2521 686 2560 fictione
704 2533 809 2553 earnm
819 2532 920 2553 rerum
933 2545 943 2561 ,
961 2522 994 2552 in
1011 2532 1140 2563 quarum
1163 2520 1412 2564 designatione
1429 2526 1536 2552 contra
1545 2521 1664 2562 egregia
1683 2530 1732 2551 ars

395 2578 560 2617 conspicua
580 2584 637 2609 est.
663 2578 739 2609 Tum
759 2577 920 2618 apologiae
940 2588 1049 2608 caussa
1067 2584 1098 2608 et
1116 2577 1214 2613 ratio,
1237 2578 1264 2609 si
1281 2577 1391 2618 prioris
1411 2577 1483 2608 libri
1501 2577 1572 2608 ficta
1590 2577 1735 2609 materies

394 2635 488 2666 fuerit
504 2646 567 2665 non
585 2636 791 2677 intelligitur:
811 2635 966 2676 quomodo
984 2634 1065 2665 enim
1083 2634 1238 2665 incusatio
1265 2633 1452 2665 adulationis
1463 2633 1542 2677 (vid.
1557 2633 1616 2665 Pro
1633 2633 1733 2674 Imag-

396 2703 424 2722 c.
447 2690 464 2722 l
482 2697 513 2722 et
528 2703 555 2722 c.
576 2690 646 2735 14.)
665 2692 704 2722 ab
721 2690 917 2723 auditoribus
936 2691 1052 2722 moveri
1072 2689 1245 2730 potuisset?
1444 2687 1446 2689 ’

445 2755 464 2775 ⁴
490 2755 633 2786 salmasii
663 2756 836 2787 emendatio
881 2755 944 2786 loci
980 2754 1021 2786 n.
1060 2754 1213 2786 Antonini
1245 2754 1360 2785 Comm.
1392 2754 1417 2786 l.
1450 2752 1551 2794 VIII,
1575 2760 1649 2786 sect.
1680 2752 1734 2785 37.

393 2809 495 2853 Μήτι
525 2810 591 2842 νῦν
624 2812 888 2856 παρακάθηται
914 2814 961 2853 τῇ
998 2811 1063 2843 τοῦ
1101 2810 1219 2855 κυρίου
1256 2810 1343 2854 σορῷ
1376 2810 1579 2848 Πάνθεια,·
1607 2810 1734 2850 legentis
