2154 3500
1087 258 1135 295 13

438 382 534 429 sive
570 380 785 431 διαλέξεσι
820 395 860 432 1,
913 395 1017 437 quas
1059 396 1282 424 commune
1329 394 1428 422 cum
1476 381 1560 422 illis
1607 394 1760 422 nomen

439 458 686 507 ἐπιδείξεων
719 460 733 483 ²
776 459 1157 513 complectebatur.
1200 457 1283 502 Sed
1326 465 1546 514 praeterea
1574 458 1627 501 ad
1662 457 1765 499 insi-

435 549 564 590 gnem
592 534 752 578 formae
790 535 1119 594 argumentique
1142 536 1385 579 varietatem
1413 532 1641 591 sophistica
1675 548 1765 576 sese

434 612 622 655 extendit
655 624 685 657 ³.
735 614 857 656 Unde
891 614 1019 656 etiam
1048 627 1166 655 nunc
1198 614 1420 670 complura
1446 612 1569 655 nobis
1602 619 1766 654 servata

434 698 560 743 sunt,
604 706 702 733 cum
732 690 934 733 historica
974 691 1158 746 scripta,
1187 698 1278 732 tum
1317 691 1540 747 epistolae,
1579 689 1765 732 eroticae

434 767 627 821 fabulae,
675 769 785 821 alia3
824 783 935 825 quae
973 768 1051 810 etsi
1091 769 1146 811 ab
1188 769 1371 812 oratorio
1400 784 1559 827 genere
1592 768 1764 825 longius

435 846 655 898 recedant,
690 847 755 888 vel
786 847 845 889 sic
879 854 1023 889 tamen
1050 846 1166 888 illius
1198 846 1364 888 fructus
1392 846 1581 888 fuerunt.

493 922 652 965 Incidit
681 923 859 966 Luciani
880 930 993 966 aetas
1022 923 1067 967 in
1093 938 1142 967 ea
1173 931 1391 980 tempora,
1424 923 1582 982 quibus
1612 936 1765 966 recen-

433 999 654 1055 tiores-illi
679 999 890 1057 sophistae
927 999 1135 1059 singulari
1169 999 1331 1044 honore
1361 1000 1586 1044 florebant.
1632 1000 1762 1043 Natus

435 1087 496 1120 est
525 1080 760 1135 imperante
789 1080 1059 1131 Hadriano&
1084 1080 1160 1137 qui
1175 1079 1469 1121 munificentia
1496 1086 1539 1120 et
1568 1079 1762 1134 exemplo

435 1156 625 1199 studium
658 1157 916 1201 Graecarum
955 1157 1203 1210 literarum,
1238 1149 1297 1200 et*
1321 1171 1420 1200 vero
1457 1155 1590 1212 hujus
1631 1156 1762 1199 studii

434 1234 706 1292 sophisticam
733 1236 1044 1279 affectationem
1069 1236 1342 1279 vehementer
1361 1235 1574 1292 promovit
1604 1234 1635 1278 ⁵.
1682 1236 1759 1278 Ju-

434 1327 539 1356 vene
568 1321 710 1356 autem
736 1321 878 1357 nostro
901 1314 1078 1357 Athenis
1111 1329 1267 1358 nomen
1293 1314 1505 1371 sophistae
1530 1314 1759 1371 splendido

433 1390 607 1448 ingenio
647 1391 980 1449 ingentibusque
1010 1392 1169 1434 divitiis
1207 1391 1395 1434 Herodes
1421 1392 1589 1434 Atticus
1623 1390 1756 1434 hone-

433 1468 582 1511 stabat.
617 1467 750 1510 Urbes
781 1468 926 1511 Ioniae
939 1502 949 1520 ,
987 1467 1177 1524 Ephesus
1198 1468 1381 1511 maxime
1400 1475 1530 1527 atque
1549 1469 1727 1525 Smyrna
1744 1503 1754 1520 ,

432 1545 538 1588 haec
565 1545 740 1604 quidem
768 1546 1007 1588 Polemonis
1035 1546 1281 1605 eloquentia
1306 1553 1434 1589 aucta
1454 1553 1497 1589 et
1521 1545 1731 1588 illustrata
1748 1580 1758 1597 ‚

432 1624 625 1682 undique
678 1625 964 1666 confluentem
1001 1624 1270 1678 juventutem
1313 1624 1542 1680 sophistica
1586 1625 1758 1666 institn-

433 1703 547 1745 tione
587 1702 858 1757 excipiebant
877 1702 908 1744 ⁶.
951 1702 1040 1743 Sub
1072 1701 1297 1744 Antoninis
1326 1701 1516 1745 Athenae
1547 1709 1590 1744 et
1623 1701 1757 1745 Roma

429 1856 520 1886 quam
548 1844 763 1877 elaboratam
794 1846 984 1875 oracionem
1012 1850 1171 1883 opponunt
1192 1848 1498 1886 extemporaneam
1520 1844 1757 1891 αὐτοσχέδιαι

430 1899 578 1939 μελέται
594 1907 801 1932 memorantur
819 1901 900 1940 apud
918 1900 1140 1932 Philostratum
1157 1901 1213 1931 lib.
1231 1900 1281 1941 II,
1302 1901 1342 1941 4,
1359 1900 1377 1942 ᾗ
1393 1899 1424 1931 2.
1452 1901 1503 1933 01.
1521 1912 1550 1942 p.
1569 1902 1647 1935 569.
1665 1904 1753 1935 Conf.

430 1959 452 1987 Ι.
474 1957 527 1998 11,
547 1957 586 1998 8,
605 1958 622 2000 s)
644 1957 678 1989 2.
703 1958 753 1989 01.
777 1969 807 1997 p.
828 1956 906 1989 579.

477 2011 490 2034 1
516 2013 588 2044 vid.
609 2012 756 2044 Philostr.
776 2013 816 2044 V.
837 2012 868 2044 S.
889 2013 914 2044 l.
934 2012 989 2053 ΙΙ,
1008 2012 1029 2044 3
1045 2018 1075 2043 et
1091 2011 1150 2048 27,
1176 2011 1239 2055 556.
1260 2012 1314 2043 01.
1329 2023 1361 2052 p.
1380 2011 1466 2054 568,
1484 2011 1562 2044 619.

473 2069 487 2087 ²
512 2063 753 2104 Ἐπιδείξεων
765 2069 888 2099 nomina
898 2091 906 2104 ,
920 2080 1028 2109 genera
1042 2092 1051 2108 ‚
1061 2075 1238 2110 argumenta
1248 2070 1365 2108 prolixe
1381 2070 1535 2101 recensuit
1543 2070 1710 2101 Cresollius
1723 2072 1754 2101 in

431 2122 553 2155 Theatr.
564 2123 654 2156 Rhet.
667 2125 689 2156 l.
702 2124 752 2155 ΙΙΙ
763 2149 771 2165 ,
789 2136 816 2157 c.
829 2124 887 2156 7-
898 2124 940 2156 10
951 2147 959 2160 ‚
973 2135 1001 2164 p.
1012 2124 1055 2156 97
1066 2136 1131 2165 sqq.
1145 2124 1355 2155 suasoriarum
1367 2131 1397 2157 et
1404 2125 1679 2157 controversiarum
1698 2126 1757 2156 La-

431 2183 563 2213 tinarum
574 2206 584 2223 ,
603 2189 633 2214 et
642 2183 833 2223 quarundam
843 2183 932 2213 etiam
945 2183 1128 2213 Graecarum
1138 2182 1189 2214 Μ.
1200 2181 1291 2213 Ama.
1305 2182 1437 2213 Seneca
1452 2194 1489 2214 ex
1500 2181 1646 2214 memoria
1665 2182 1756 2213 innu—

429 2246 510 2267 mera
520 2237 592 2267 fecit
600 2243 740 2276 excerpta
751 2261 760 2278 ,
770 2248 787 2268 e
796 2238 908 2277 quibus
917 2238 1173 2267 declamationum
1182 2238 1308 2267 istarum
1317 2238 1465 2268 rationem
1478 2248 1658 2278 cognoscere
1672 2238 1739 2267 licet
1749 2259 1756 2266 .

480 2295 494 2319 ³
519 2292 608 2324 Cous.
626 2293 750 2324 omnino
767 2293 947 2326 Villoisonii
964 2294 1061 2333 praef.
1084 2293 1122 2325 ad
1140 2293 1234 2334 Longi
1251 2293 1432 2326 pastoralia.

474 2349 493 2372 4
517 2350 608 2380 Cous.
629 2350 734 2382 adnot,
754 2349 780 2380 I.
792 2349 831 2379 ad
845 2350 935 2379 finem
951 2349 1184 2379 dissertationis.

476 2408 490 2428 ⁵
516 2406 590 2436 vid.
609 2406 680 2439 Ael.
699 2405 851 2445 Sputian.
870 2406 903 2435 in
924 2405 1083 2444 Adriano,
1102 2416 1130 2436 c.
1152 2404 1168 2436 l
1183 2429 1192 2444 ‚
1216 2404 1258 2436 15
1271 2429 1279 2444 ‚
1301 2404 1354 2436 16.
1379 2405 1476 2445 Ipsius
1496 2405 1645 2445 μελέται
1675 2408 1757 2439 Ph«.-

426 2462 471 2491 tio
488 2462 638 2500 perlectae
653 2462 793 2493 fuerunt.
818 2461 949 2502 Myrioh.
968 2461 1042 2495 Cod.
1061 2461 1096 2492 C.

473 2516 488 2539 ⁶
513 2517 603 2548 Conf.
623 2517 769 2549 philostr,
787 2518 827 2548 V.
847 2517 877 2548 S.
899 2518 922 2551 l.
940 2517 956 2548 1
972 2515 1035 2555 ,21
1048 2541 1056 2556 ,
1073 2517 1090 2559 ff
1109 2516 1142 2548 5.
1164 2517 1219 2549 ,01.
1237 2528 1265 2556 p.
1286 2515 1353 2548 518
1380 2523 1410 2547 et
1436 2518 1473 2548 de
1490 2517 1655 2550 Polemone
1674 2520 1698 2551 l.
1717 2520 1753 2553 Ι,

426 2570 489 2611 25,
508 2570 567 2613 92.
588 2572 640 2604 Ol.
660 2583 689 2613 p.
709 2571 927 2613 531-porro
954 2573 977 2604 l.
998 2572 1107 2613 I,2l‚
1131 2572 1196 2616 §3-
1222 2573 1273 2604 ol.
1291 2584 1320 2613 p.
1346 2571 1433 2604 516:
1457 2572 1572 2616 πάσης
1595 2574 1664 2618 γὰρ
1690 2576 1754 2616 τῆς

426 2623 569 2664 ’Ioniae
592 2621 663 2659 οἷον
694 2629 858 2667 μουσείου
883 2627 1157 2671 πεπολισμένης,
1196 2628 1419 2673 ἀρτιωτάτην
1452 2628 1575 2671 ἐπέχει
1600 2628 1702 2665 τάξιν
1729 2630 1751 2671 ἤ

428 2682 599 2727 Σμύρνα,
628 2683 798 2728 καθάπερ
824 2684 861 2716 ἓν
886 2689 962 2722 τοῖς
988 2683 1146 2729 ὀργάνοις
1164 2685 1187 2727 ἦ
1208 2683 1342 2726 μαγάς,
1362 2691 1393 2716 et
1412 2685 1436 2717 l.
1455 2683 1509 2726 11,
1529 2682 1593 2727 26,
1611 2683 1670 2730 §2
1698 2686 1748 2718 01.

429 2751 457 2778 p.
476 2738 560 2778 613,
583 2738 724 2770 θύουσα
745 2739 793 2780 δὴ
817 2739 970 2777 μάλιστα
990 2740 1125 2772 πόλεων
1141 2739 1219 2776 ταῖς
1238 2740 1307 2771 τῶν
1327 2740 1497 2778 σοφιστῶν
1517 2741 1672 2780 μούσαις.
