2154 3500
1003 261 1057 301 53

378 388 500 430 duxit
537 395 579 428 et
613 389 826 431 Graecum
856 389 900 430 in
933 404 982 430 eo
1010 389 1232 447 ingenium
1259 387 1584 445 exquisitissima
1608 395 1699 429 arte

378 463 658 509 adumbravit.
690 466 906 522 Quantum
929 473 1071 509 autem
1094 464 1278 509 Athenas
1295 464 1494 509 dilexerit
1521 472 1564 508 et
1583 465 1696 507 facto

377 540 534 583 deinde
557 543 762 597 ostendit,
793 557 954 603 quum,
984 544 1110 587 misso
1136 543 1365 601 sophistico
1397 543 1590 602 negotio,
1617 544 1711 585 illie

378 618 484 661 vitae
508 634 605 664 suae
628 629 669 664 et
697 623 771 665 otii
797 622 938 666 sedem
962 623 1104 680 posuit
1135 623 1163 665 ¹.

1015 988 1077 1044 V.

478 1163 530 1194 DE
554 1164 717 1195 CAUSSIS
741 1166 901 1197 RELICTI
928 1167 953 1196 A
983 1167 1161 1197 LUCIANO
1185 1167 1411 1197 sopms'rml
1438 1165 1586 1196 s‘runn.

428 1308 492 1350 Ad
525 1318 638 1351 recte
668 1312 992 1353 existimandum
1024 1313 1077 1354 de
1096 1312 1362 1367 juvenilibus
1394 1313 1573 1355 Luciani
1600 1319 1696 1352 stu-

368 1390 463 1440 diis,
480 1389 621 1445 deque
644 1407 791 1433 eorum
808 1394 849 1433 vi
875 1393 919 1435 in
945 1394 1222 1448 posteriorem
1246 1393 1337 1448 ejus
1356 1394 1503 1444 vitam,
1526 1391 1696 1446 juvabit

368 1467 493 1509 etiam
522 1467 750 1510 attendisse
777 1469 972 1522 rationes,
1003 1478 1177 1527 propter
1198 1485 1303 1529 quas
1334 1470 1573 1513 rhetoricae
1595 1484 1695 1525 pro-

366 1546 537 1587 fessioni
564 1546 777 1599 valedixit.

423 1623 622 1667 Vidimus
638 1657 648 1676 ,
674 1639 771 1667 eum
796 1626 841 1666 in
863 1626 931 1667 Bis
955 1626 1167 1668 Accusato
1186 1624 1461 1668 Rhetoricam
1479 1626 1695 1668 induxisse

365 1700 443 1742 sub
467 1715 649 1756 persona
675 1701 908 1745 derelictae
929 1703 1071 1745 uxoris
1091 1703 1231 1758 ipsum
1249 1710 1522 1746 accusantem
1540 1699 1581 1755 ²;
1603 1701 1693 1756 jam

366 1780 408 1822 in
438 1779 706 1831 defensione,
751 1794 878 1837 quam
921 1795 970 1822 eo
1004 1780 1099 1822 loco
1136 1780 1281 1832 dedit,
1315 1780 1515 1837 aequales
1549 1778 1691 1822 rheto-

365 1872 429 1899 res
448 1857 694 1899 assimilavit
710 1857 991 1899 insolentibus
1017 1858 1300 1909 amatoribus,
1325 1858 1401 1914 qui
1428 1872 1534 1908 cam,
1562 1870 1689 1915 quam

363 1937 453 1992 ipse
477 1935 668 1993 legitime
694 1934 907 1979 habuisset
930 1970 940 1989 ,
960 1936 1067 1979 ebrii
1102 1936 1413 1980 adulterassent
1437 1943 1480 1978 et
1504 1949 1688 1992 quorum

363 2014 407 2054 in
445 2012 626 2069 gratiam
672 2012 747 2055 illa
766 2046 777 2064 ‚
822 2012 980 2068 rejecto
1025 2013 1195 2056 decenti
1240 2012 1390 2056 habitu
1405 2046 1416 2065 ,
1457 2026 1544 2069 quo
1590 2012 1688 2055 olim

364 2091 630 2134 Paeaniensis
643 2091 718 2134 ille
739 2090 883 2135 rhetor
901 2106 992 2135 eam
1015 2092 1207 2135 indutam
1232 2091 1432 2144 duxisset,
1450 2090 1689 2134 meretricio

363 2184 480 2212 more
508 2185 660 2213 ornare
689 2186 732 2213 se
764 2178 806 2212 et
829 2172 1023 2214 infucare
1053 2173 1260 2230 coepisset
1287 2172 1317 2215 ³.
1353 2173 1453 2214 Eam
1481 2171 1691 2213 Lucianus

412 2338 427 2359 1
458 2330 530 2362 Vid.
548 2329 737 2361 Athenarum
758 2330 864 2361 laudes
880 2330 911 2360 in
930 2328 1074 2369 NigrinO,
1098 2339 1125 2360 c.
1140 2326 1182 2359 12
1202 2340 1268 2369 sqq.
1295 2327 1422 2359 Athenis
1440 2329 1473 2359 in
1491 2339 1536 2368 pr.
1557 2333 1688 2368 aguntur

362 2385 517 2427 praecipui
544 2386 611 2426 ejus
637 2385 744 2416 comici
766 2385 897 2424 dialogi;
917 2385 1000 2415 conf.
1022 2383 1121 2416 Wiel.
1142 2383 1198 2414 Th.
1219 2383 1253 2423 1,
1278 2384 1309 2415 S.
1335 2384 1420 2414 xvl.
1455 2384 1575 2414 Patrem
1598 2392 1685 2412 suum

361 2441 525 2473 Samosatis
544 2440 739 2472 arcessivisse
767 2446 797 2471 et
820 2440 900 2471 illuc
925 2438 1100 2479 deduxisse,
1130 2438 1287 2478 probabile
1303 2445 1348 2470 est
1367 2450 1404 2470 ex
1431 2438 1520 2469 Alex.
1544 2449 1569 2468 s.
1588 2437 1687 2468 Pseu-

360 2500 441 2531 dom.
459 2508 487 2528 c.
514 2496 575 2534 56;
596 2498 682 2532 conf.
702 2497 820 2530 Wetzl.
848 2495 885 2526 de
911 2495 985 2526 Luc.
1005 2495 1087 2535 vita,
1112 2506 1141 2535 p.
1171 2494 1225 2526 49.
1244 2495 1303 2527 ἐπὶ
1330 2496 1499 2537 μήκιστον
1525 2493 1591 2524 illic
1615 2504 1683 2524 cum

365 2555 547 2585 Demonacte
558 2560 695 2584 versatus
711 2560 768 2593 est,
789 2553 916 2584 nemon.
942 2552 1006 2583 Vit.
1028 2563 1055 2583 c.
1080 2551 1110 2583 l.
1135 2552 1174 2583 In
1199 2552 1324 2592 Navigio
1343 2558 1442 2583 autem
1462 2551 1599 2592 videmus
1617 2561 1684 2581 eum

361 2609 490 2642 Athenis
504 2609 694 2641 habitantem
713 2616 743 2642 et
759 2609 862 2641 Attico
876 2620 932 2640 suo
953 2609 1015 2638 otio
1029 2608 1161 2645 beatum
1174 2609 1236 2639 vid.
1247 2607 1356 2650 passim
1367 2606 1473 2648 Navig.
1483 2612 1512 2638 et
1522 2617 1548 2656 ρ.
1564 2605 1617 2647 15,
1628 2605 1680 2637 33.

416 2680 431 2697 ²
466 2678 539 2709 vid.
560 2688 641 2719 supr.
660 2690 690 2719 p.
709 2677 760 2709 15.

392 2724 395 2727 *
413 2744 426 2764 '⁷'
467 2746 518 2779 Bi.-
538 2745 646 2778 Accus.
669 2757 696 2777 c.
715 2744 769 2776 31.
