2154 3500
1077 332 1102 370 2

424 464 634 499 structum
650 464 712 498 est
728 489 738 509 ,
763 463 809 505 ut
837 457 963 499 etiarn
993 464 1082 498 tum
1104 490 1114 509 ‚
1135 471 1268 513 quum
1290 458 1364 501 illa
1385 460 1515 502 virtus
1538 463 1755 520 antiquata

425 544 556 589 esset,
584 535 899 593 seditionesque
939 543 981 578 et
1003 536 1140 579 malae
1167 543 1278 578 artes
1304 539 1614 594 rempublicam
1640 541 1755 583 dele-

424 616 579 658 vissent
591 647 603 666 ,
618 616 760 671 ipsum
781 621 925 656 tamen
941 614 1170 670 imperium
1195 628 1272 669 per
1288 616 1423 658 multa
1439 619 1608 661 saecula
1627 626 1756 660 staret

423 701 466 735 et
501 692 672 735 tandem
708 692 775 733 vix
814 707 839 734 a
872 693 1173 748 potentissimis
1220 692 1546 750 fortissimisque
1584 697 1754 753 populis

421 771 652 814 deleretur.
699 768 894 813 Athenae
931 785 1105 829 quoque
1147 770 1223 812 diu
1271 771 1422 812 amissa
1461 772 1537 813 illa
1580 774 1753 829 propria

419 852 540 893 velut
575 851 815 893 studiorum
849 850 1092 902 viriditate,
1126 866 1212 892 non
1250 851 1506 893 auctoritate
1543 853 1683 895 solum
1711 863 1753 896 et

421 929 625 985 exemplis
643 962 654 981 ,
680 928 754 971 sed
782 928 1082 986 magistrorum
1111 929 1237 970 ctiam
1269 928 1393 983 copia
1423 928 1679 981 affluebant,
1713 940 1755 973 et

422 1021 683 1067 quamquam
719 1021 806 1048 non
842 1012 960 1048 tanta
992 1006 1074 1047 fuit
1110 1005 1382 1062 ingeniorum
1418 1009 1677 1062 praestantia
1715 1017 1756 1051 et

421 1085 573 1140 copia,
606 1092 749 1126 tamen
775 1084 991 1125 dominata
1027 1091 1090 1124 est
1119 1084 1303 1125 eruditio
1334 1085 1499 1127 Graeca
1531 1094 1574 1126 et
1604 1085 1757 1128 huma-

421 1164 546 1205 nitas.
577 1162 720 1218 Atque
743 1162 789 1202 in
813 1147 905 1215 ipso
929 1161 1049 1217 quasi
1070 1162 1246 1202 interitu
1262 1194 1272 1212 ‚
1301 1177 1388 1203 non
1417 1162 1515 1205 dico
1532 1163 1754 1207 literarum

420 1240 683 1284 Graecarum
703 1271 714 1291 ,
745 1252 856 1296 quae
887 1252 1036 1281 revera
1068 1237 1155 1281 dici
1182 1245 1362 1295 possunt
1399 1239 1667 1283 continenter
1698 1241 1751 1284 ad

422 1323 563 1360 nostra
583 1323 775 1372 tempora
803 1323 1063 1373 propagatae
1090 1330 1179 1357 esse
1194 1348 1205 1367 ,
1233 1306 1306 1358 sed
1328 1317 1372 1358 in
1394 1317 1574 1359 interitu
1590 1318 1750 1360 studio-

421 1411 517 1439 rum
541 1410 712 1447 eorum,
732 1409 843 1453 quae
859 1395 919 1438 ita
943 1396 1066 1437 fuere
1083 1395 1216 1437 veteri
1241 1395 1335 1438 orbi
1360 1395 1527 1439 Graeco
1555 1397 1748 1454 propria,

409 1477 468 1517 ‘ut
509 1473 798 1529 distinguatur
832 1487 911 1529 per
951 1487 1001 1515 ea
1048 1479 1231 1514 vetustas
1270 1473 1325 1515 ab
1370 1473 1423 1514 iis
1460 1474 1751 1530 temporibus,

423 1567 534 1611 quae
559 1558 707 1594 secuta
731 1557 830 1592 sunt
859 1558 901 1592 et
926 1557 1071 1607 postea
1096 1550 1273 1593 fuerunt
1292 1581 1304 1601 ‚
1342 1566 1495 1608 operae
1530 1567 1630 1595 sane
1656 1568 1753 1609 pre-

423 1632 532 1673 tium
564 1637 627 1672 est
655 1629 875 1672 attendere
899 1630 1103 1685 pristinae
1125 1629 1264 1672 laudis
1290 1631 1480 1688 vestigia.
1515 1632 1608 1674 Non
1638 1632 1751 1674 enim

424 1710 560 1752 exitus
593 1708 712 1751 velut
747 1708 859 1750 senis
891 1708 974 1748 fuit
1005 1708 1097 1749 sine
1136 1721 1289 1760 sensu,
1322 1708 1394 1751 sed
1424 1717 1514 1752 erat
1547 1709 1754 1764 juvenilis

418 1787 616 1830 alacritas
639 1793 769 1842 atque
789 1785 1019 1834 fortitudo,
1037 1791 1128 1826 erat
1154 1785 1361 1840 sapientia
1385 1787 1606 1829 sentientis
1630 1790 1750 1846 quasi

420 1873 463 1907 et
490 1862 771 1919 intelligentis
792 1861 946 1904 cedere
973 1876 1017 1903 se
1047 1861 1218 1904 debere.

477 1943 647 1986 Etenim
676 1941 916 1992 Lucianus,
949 1939 1003 1982 de
1029 1954 1114 1999 quo
1148 1940 1351 1996 scripturi
1390 1956 1562 1993 sumus,
1595 1943 1627 1984 si
1654 1944 1750 2001 quis

421 2022 549 2081 aliuS,
583 2028 776 2062 veterum
814 2025 1069 2075 poetarum,
1117 2025 1361 2071 oratorum,
1401 2018 1749 2076 philosophorum

422 2099 562 2142 studio
593 2106 636 2140 ct
657 2096 937 2140 meditatione
963 2096 1149 2138 nutritus
1175 2096 1284 2148 fuit,
1319 2095 1597 2154 ejusdemque
1624 2098 1753 2140 studii

425 2189 685 2235 magnopere
724 2173 1044 2216 commendator
1094 2173 1277 2214 exstitit:
1320 2173 1435 2215 idem
1472 2181 1614 2216 tamen
1654 2176 1754 2218 deos

424 2256 612 2313 deasque
641 2267 806 2304 omnes,
831 2267 937 2310 quos
958 2252 1081 2293 initio
1104 2251 1305 2294 orationis
1330 2259 1547 2295 oratorum
1565 2268 1753 2296 summus

420 2334 718 2383 invocaverat,
737 2329 1023 2373 exitiodedit:
1051 2329 1502 2385 praestantissimorum
1522 2337 1748 2387 poetarum

420 2428 591 2465 versus,
625 2412 728 2454 olim
753 2411 798 2452 in
825 2410 941 2451 festis
970 2408 1147 2451 deorum
1175 2409 1394 2461 recitatos,
1429 2410 1474 2451 in
1499 2410 1665 2453 coelum
1692 2412 1751 2454 ita

420 2490 662 2542 transtulit,
696 2496 745 2532 ut
778 2488 833 2532 ad
863 2487 1100 2546 perniciem
1127 2488 1209 2543 ipsi
1242 2501 1362 2531 suam
1396 2488 1446 2528 iis
1480 2488 1543 2530 dii
1579 2496 1750 2532 uteren-

418 2579 490 2613 tur
515 2569 557 2612 ¹:
592 2568 833 2612 Stoicorum
861 2566 1060 2627 sudorem
1087 2566 1323 2622 abstergeri
1342 2598 1353 2617 ,
1386 2565 1642 2609 Academiae
1672 2567 1751 2609 du-

419 2649 669 2692 bitationem
715 2645 835 2698 tolli,
879 2658 1079 2687 numeros
1123 2643 1411 2702 Pythagoreos
1449 2659 1532 2687 non
1567 2646 1752 2702 amplius

465 2814 478 2832 ¹
510 2814 605 2845 Velut
622 2823 669 2843 ex.
687 2824 714 2842 c.
736 2812 767 2842 in
791 2811 869 2841 Jove
888 2810 1053 2851 Tragoedu.
