2154 3500
1062 287 1115 326 18

422 414 572 456 deatur
597 412 792 455 docendo
824 419 989 454 tantum
1022 420 1063 454 et
1080 411 1255 467 publice
1270 411 1548 457 declamando
1565 415 1746 471 potuisse

424 492 550 533 vitam
592 498 852 541 sustentare3
900 490 1086 548 ideoque
1137 490 1395 547 probabile,
1433 506 1531 534 eum
1574 493 1619 535 in
1663 492 1747 534 illis

423 570 525 610 locis
551 569 779 625 diligenter
802 568 929 609 simul
949 568 1177 623 judiciales
1194 581 1364 609 caussas
1376 581 1569 623 curasse3
1593 572 1639 615 in
1658 571 1750 614 aliis

421 656 570 690 contra
586 645 857 702 regionibus,
882 660 987 702 quas
1005 661 1091 688 non
1117 654 1202 688 tam
1225 645 1396 688 mutatis
1418 647 1568 689 studiis
1582 681 1593 701 ,
1622 664 1749 706 quam

421 728 584 777 famae,
618 733 665 768 ut
687 725 777 782 ipse
798 726 1034 782 significat,
1059 733 1101 768 et
1127 726 1324 768 fortunae
1355 722 1747 791 augendssesscaussa

421 805 611 857 adiisset,
644 814 822 861 propter
847 806 1021 847 Latinae
1040 806 1213 861 linguae
1234 806 1279 846 in
1304 818 1349 844 re
1370 790 1602 858 judiciaria
1623 821 1747 848 usum

422 899 466 928 se
495 900 521 928 a
545 884 639 927 foro
677 883 904 928 removisse
936 889 948 913 ¹
971 918 981 935 ‚
1027 892 1155 940 atque
1188 883 1398 940 sophistae
1425 882 1629 927 duntaxat
1655 900 1749 927 mu-

424 978 527 1007 nere
554 965 779 1007 luculento
815 978 914 1005 cum
943 963 1088 1005 fructu
1128 964 1402 1020 perfunctum
1434 962 1576 1005 fuisse.
1611 964 1749 1018 Quam

423 1043 479 1086 ob
499 1058 613 1094 rem,
647 1057 781 1099 quum
810 1044 855 1085 in
880 1042 968 1086 Bis
990 1044 1147 1084 Aecus.
1180 1058 1228 1085 ex
1257 1058 1437 1098 persona
1468 1042 1750 1093 Rhetoricae,

423 1122 587 1179 quippe
621 1130 863 1166 constanter
902 1123 1040 1179 ipsum
1072 1124 1316 1175 comitatae,
1349 1130 1485 1164 totum
1518 1122 1624 1164 vitae
1651 1136 1751 1165 suae

416 1201 621 1256 juvenilis
658 1200 841 1243 stadium
878 1201 1142 1253 delinearet,
1184 1208 1333 1256 sponte
1373 1201 1466 1242 fieri
1495 1200 1669 1253 debuit,
1704 1209 1751 1242 ut

422 1278 676 1335 sophisticae
696 1280 835 1331 laudi,
869 1294 998 1336 quam
1019 1294 1262 1323 caussarum
1288 1280 1532 1335 patronatui
1548 1278 1751 1333 majorem

422 1359 565 1400 locum
600 1359 822 1402 tribueret.
868 1360 919 1401 In
955 1358 1200 1401 piscatore
1227 1367 1375 1402 contra
1405 1359 1755 1401 reviviscentibus

422 1438 609 1493 antiquis
645 1438 910 1493 philosophis
945 1438 1258 1494 quodammodo
1298 1446 1437 1493 partes
1476 1438 1595 1479 dedit
1635 1437 1753 1494 vulgi

423 1516 687 1558 Graecorum
730 1531 780 1558 eo
823 1523 1017 1570 tempore
1050 1514 1433 1571 philosophorum,
1480 1514 1602 1570 cujus
1648 1515 1753 1558 iram

426 1600 639 1635 moverat:
672 1592 763 1648 ipse
803 1599 945 1634 autem
970 1591 1015 1634 in
1043 1592 1221 1636 Graecia
1249 1608 1336 1636 non
1364 1592 1541 1636 eandem
1567 1607 1755 1636 caussam

424 1669 603 1722 habuit,
638 1683 741 1720 cur,
781 1668 1141 1726 quemadmodum
1174 1670 1219 1710 in
1257 1660 1434 1727 reliquis
1472 1670 1752 1728 regionibus,

424 1750 470 1790 in
509 1748 789 1790 declamando
833 1748 1117 1803 docendoque
1151 1750 1278 1789 unice
1318 1756 1585 1799 versaretur,
1626 1757 1757 1804 atque

424 1825 498 1868 illa
534 1825 694 1883 igitur,
736 1840 865 1882 quam
898 1825 1140 1867 forensibus
1184 1827 1344 1868 caussis
1367 1827 1545 1884 agendis
1575 1827 1755 1881 adeptus

424 1911 506 1957 est,
540 1903 721 1946 nominis
754 1902 981 1946 celebritas
1008 1903 1052 1945 in
1080 1902 1160 1945 hac
1189 1903 1455 1960 potissimum
1497 1905 1672 1964 regione
1701 1905 1758 1948 ab

423 1997 475 2024 eo
505 1989 627 2038 parta
661 1996 749 2023 esse
775 1981 909 2023 videri
933 1988 1091 2037 potest:
1125 1989 1217 2023 tum
1249 1997 1346 2025 vero
1377 1984 1601 2027 δικανικοῦ
1626 1997 1755 2040 quam

425 2064 625 2116 σοφιστοῦ
670 2073 825 2101 nomen
875 2058 1124 2100 invidiosius
1169 2059 1368 2102 audiebat
1403 2062 1418 2085 ²
1463 2061 1686 2119 magisque
1731 2075 1755 2100 a

426 2137 697 2194 philosophia
723 2138 911 2181 alienum
940 2137 1249 2189 videbatur,ac
1287 2138 1415 2180 facile
1443 2138 1577 2196 igitur
1603 2154 1652 2182 eo
1680 2153 1755 2180 no-

475 2339 488 2361 1
516 2341 584 2371 Non
602 2341 684 2371 enim
703 2347 768 2381 est,
785 2340 865 2370 unde
882 2350 951 2370 eum
968 2340 1141 2379 praesertim
1156 2341 1221 2380 jam
1244 2351 1279 2372 eo
1293 2345 1425 2379 tempore
1445 2341 1487 2370 ita
1508 2340 1614 2370 Latine
1632 2340 1754 2371 doctum

428 2396 522 2427 fuisse
546 2396 753 2428 existimemus
764 2419 773 2436 ,
791 2402 826 2426 ut
855 2407 979 2426 caussas
996 2396 1054 2426 ista
1072 2396 1177 2436 lingua
1195 2406 1281 2427 orare
1302 2396 1459 2435 potuisset.
1487 2396 1531 2426 De
1545 2397 1613 2436 ejus
1630 2395 1758 2426 Latinae

429 2453 553 2492 linguae
569 2452 678 2491 peritia
695 2452 777 2482 conf.
799 2451 959 2490 Wieland,
978 2451 1033 2482 Th.
1051 2451 1078 2491 I,
1100 2452 1200 2483 Praei.
1212 2452 1286 2482 VII.
1308 2457 1339 2482 et
1349 2451 1405 2481 Th.
1426 2451 1472 2487 V,
1487 2451 1518 2481 S.
1538 2449 1623 2486 242;
1642 2450 1758 2491 Jacob,

430 2508 576 2539 Charakt.
593 2508 645 2538 des
662 2507 735 2538 Luc.
755 2508 786 2538 S.
803 2506 860 2539 91.
881 2508 915 2539 C.
937 2508 984 2538 Fr.
1005 2508 1156 2538 Hermann
1170 2531 1178 2547 ,
1191 2507 1324 2548 Allgem.
1342 2507 1465 2538 Schulz.
1479 2505 1575 2538 1832.
1586 2506 1679 2538 Abth.
1700 2507 1733 2538 11
1749 2530 1757 2544 ,

429 2563 483 2594 N0.
494 2562 576 2604 102,
590 2563 623 2595 S.
639 2562 718 2595 817.

479 2638 496 2656 ²
521 2639 635 2671 piscat.
656 2650 682 2669 c.
700 2638 734 2669 9.
759 2636 944 2669 δικανικόν
967 2638 1151 2669 τινα-καὶ
1177 2639 1390 2682 πανοῦργον.
1421 2639 1530 2671 Toxar.
1555 2651 1582 2671 c.
1605 2638 1662 2671 38.
1685 2640 1758 2684 ἐρι-

430 2692 651 2726 στικὸν-καὶ
688 2692 882 2727 δικανικόν.
913 2693 1016 2727 Somn.
1037 2707 1064 2726 c.
1085 2693 1137 2726 17.
1159 2694 1295 2739 μακρὸν
1314 2693 1357 2727 τὸ
1377 2693 1538 2728 ἐνύπνιον
1568 2694 1629 2728 καὶ
1651 2694 1760 2728 doxa-
1823 2729 1828 2734 ,

431 2750 536 2782 univ.
558 2752 713 2782 Prometh.
740 2763 765 2782 s.
800 2752 926 2782 Canens.
953 2763 979 2781 c.
1011 2752 1042 2781 4.
1064 2750 1242 2789 στωμύλος
1267 2751 1333 2794 γὰρ
1360 2744 1394 2782 εἴ
1412 2752 1472 2783 καὶ
1491 2749 1680 2786 δικανικός.
