2154 3500
1053 303 1103 341 1⁴)

1081 330 1104 341 ιο

413 429 533 473 tioris
547 428 801 485 sophisticae
815 437 982 484 praeter
997 431 1265 486 eloquentiae
1280 431 1582 485 professionem
1595 435 1746 477 refere-

412 509 538 550 batur
565 509 815 564 exquisitior
851 509 1063 563 quaedam
1093 510 1313 551 literarum
1351 509 1474 564 copia
1492 543 1503 561 ,
1545 526 1630 567 qua
1660 529 1745 554 nou

411 586 549 629 solum
589 586 643 630 ad
693 569 913 629 materiem
941 586 1287 638 accommodate,
1326 585 1399 628 sed
1439 587 1663 642 splendide
1700 591 1745 631 iu

411 662 560 719 primis
590 671 633 706 et
664 662 830 706 erudite
867 664 964 722 quis
989 665 1175 708 scribere
1204 671 1246 706 et
1283 662 1428 706 dicere
1459 661 1513 706 de
1550 666 1665 709 omni
1700 682 1746 709 re

411 748 564 796 posset.
598 742 704 784 Prae
733 756 784 784 ea
809 742 946 800 igitur
986 757 1071 799 qua
1109 743 1307 785 valebant
1333 742 1534 785 orationis
1554 745 1743 799 potentia

411 818 625 874 sophistae
665 819 793 862 etiam
828 820 1005 875 publica
1042 820 1259 863 interdum
1288 821 1479 878 negotia,
1520 821 1565 863 in
1596 822 1746 877 primis

410 897 647 953 legationes
683 898 884 949 obibant,
923 906 965 939 et
995 899 1162 954 saepius
1190 898 1297 940 adeo
1345 912 1512 941 caussas
1550 900 1744 943 orabant.

415 974 565 1015 Plures
606 974 719 1030 apud
748 974 1050 1018 Philostratum
1076 983 1394 1027 memorantur,
1434 977 1512 1032 qui
1543 975 1743 1031 judiciali

412 1052 660 1109 eloquentia
693 1054 989 1096 excelluerunt
1031 1054 1059 1097 ¹.
1092 1055 1145 1097 Et
1176 1053 1417 1098 rhetoricae
1440 1055 1654 1111 professor
1670 1056 1745 1113 qui

410 1130 527 1185 apud
559 1130 796 1174 Lucianum
837 1132 1081 1192 exploditur
1115 1140 1205 1174 tum
1246 1132 1387 1188 palam
1427 1132 1658 1189 sophistam
1704 1149 1748 1176 se

411 1205 663 1262 profitetur,
685 1217 775 1251 tum
797 1210 1007 1267 gloriatur
1020 1225 1062 1252 se
1081 1214 1126 1255 ἐν
1141 1217 1238 1260 ταῖς
1254 1211 1396 1260 δίκαις
1419 1212 1744 1263 ἐξετάζεσθαι’;

410 1286 621 1329 Lucianus
649 1294 792 1330 autem
821 1287 949 1343 hujus
979 1288 1152 1332 alumno
1168 1288 1349 1332 affirmat
1375 1287 1485 1331 nihil
1511 1289 1747 1347 quidquam

410 1380 508 1407 eum
536 1365 856 1422 prohibiturum
880 1383 969 1411 esse
991 1369 1038 1412 ἕν
1063 1386 1108 1411 τε
1135 1373 1225 1417 τοῖς
1253 1368 1546 1424 δικαστηρίοις
1572 1373 1747 1424 κρατεῖν

410 1448 484 1487 καὶ
512 1448 559 1488 ἐν
586 1452 676 1494 τοῖς
696 1446 904 1501 κλήθεσιν
932 1448 1173 1500 εὐδοκιμεῖν
1195 1446 1224 1487 ³.

472 1523 728 1566 Primarium
752 1532 894 1565 autem
916 1526 962 1566 in
987 1524 1159 1566 dicendi
1175 1525 1438 1581 argumentis
1452 1524 1596 1566 locum
1616 1522 1746 1566 habe-

410 1603 515 1646 bant
539 1602 613 1645 illa
629 1636 640 1654 ‚
666 1602 752 1645 sive
774 1602 898 1657 ficta,
928 1601 1015 1644 sive
1034 1616 1082 1644 ex
1113 1600 1288 1644 historia
1307 1601 1523 1654 desumta,
1562 1615 1748 1658 quorum

410 1678 686 1736 pertractatio
717 1678 966 1722 adornatam
1007 1678 1185 1721 haberet
1230 1678 1511 1720 imitationem
1545 1678 1747 1735 publicae

408 1765 539 1814 atque
563 1757 743 1799 forensis
766 1757 1052 1813 eloquentiae.
1100 1755 1348 1810 cujusmodi
1378 1756 1556 1798 fuerunt
1584 1755 1744 1798 lauda-

409 1838 580 1889 tiones,
609 1835 829 1889 funebres
856 1836 1085 1877 orationes
1103 1867 1113 1886 ‚
1148 1838 1384 1877 suasoriae
1418 1841 1460 1877 et
1490 1842 1743 1876 controver-

1697 1914 1712 1936 ¹}

407 1916 529 1966 siae,
574 1928 687 1970 quae
714 1915 865 1956 eximie
895 1914 1226 1969 appellabantur
1265 1914 1434 1955 nomine
1472 1913 1664 1967 μελετῶν
1732 1946 1743 1964 ,

406 1998 538 2049 atque
586 1993 961 2050 distinguebantur
1003 2008 1025 2033 a
1055 1991 1336 2034 sedatioribus
1385 1991 1744 2047 disputationibus

460 2173 473 2192 ¹
502 2174 649 2206 Philostr.
680 2174 720 2208 v.
755 2175 786 2208 s,
821 2176 843 2206 1.
875 2174 912 2215 1,
943 2173 1002 2212 19,
1031 2175 1048 2217 ς.
1077 2173 1108 2207 1.
1137 2173 1242 2205 olea..
1273 2184 1302 2212 p.
1326 2170 1411 2213 511,
1439 2172 1476 2202 de
1499 2171 1621 2204 Riecte:
1648 2160 1750 2210 οὗτος

411 2235 487 2266 τοῖς
506 2229 572 2269 μὲν
591 2231 784 2266 δικανικοῖς
805 2229 956 2268 ἀμείνων
972 2229 1092 2261 ἐδόκει
1110 2231 1157 2261 τὰ
1178 2228 1356 2260 &unammi-
1379 2227 1501 2259 τοῖσδε
1522 2233 1748 2267 σοφιστικοῖς,

408 2283 457 2316 τὰ
471 2283 664 2323 σοφιστικά.
685 2283 809 2324 lib.11,
822 2282 883 2325 20,
905 2284 922 2327 ᾗ
943 2286 972 2316 1.
997 2284 1046 2315 Ol.
1067 2294 1097 2323 p.
1116 2282 1202 2325 600,
1221 2284 1258 2314 de
1279 2283 1462 2322 Apollonio:
1484 2282 1605 2319 ἱκανὸς
1626 2282 1673 2314 τὰ
1691 2282 1749 2315 δι-

411 2342 555 2380 κανικὰ,
583 2341 646 2371 καὶ
670 2341 717 2372 τὰ
734 2340 827 2379 ἀμφὶ
849 2340 1003 2382 μελέτην
1028 2340 1068 2371 οὐ
1093 2339 1265 2378 μεμπτός.
1286 2341 1310 2371 l.
1334 2339 1361 2380 I,
1382 2338 1423 2370 21
1437 2363 1446 2379 ‚
1462 2339 1479 2381 §s
1496 2339 1529 2372 3.
1548 2340 1600 2373 01.
1619 2351 1650 2379 p.
1664 2339 1751 2372 5163

408 2397 433 2429 1.
457 2396 513 2437 11,
536 2395 569 2427 2.
589 2396 643 2427 01.
660 2407 692 2437 p.
713 2395 798 2433 567;
826 2397 850 2429 l.
874 2395 927 2437 11,
952 2394 1014 2435 23,
1032 2396 1049 2437 §x
1065 2396 1096 2426 4.
1123 2396 1174 2426 01.
1200 2406 1229 2435 p.
1255 2393 1333 2426 606.
1359 2395 1449 2426 Conf.
1476 2395 1607 2425 Cresoll.
1626 2394 1749 2426 Theatr.

409 2452 501 2484 Rhet.
520 2463 551 2493 p.
569 2451 655 2492 188,
676 2463 723 2493 sq.
838 2452 853 2471 2
879 2451 969 2483 Rhet.
991 2452 1094 2483 Praec.
1120 2463 1147 2482 c.
1169 2450 1223 2485 25.
1341 2446 1357 2468 ³
1382 2451 1461 2482 Ihid.
1483 2462 1510 2481 c.
1539 2449 1594 2482 26.

460 2512 482 2535 4
508 2515 715 2547 Philostratus
739 2516 850 2555 passim
879 2516 1034 2557 designat,
1055 2515 1155 2556 qualis
1171 2515 1222 2547 hio
1247 2516 1298 2547 vel
1323 2515 1379 2546 ille
1407 2514 1542 2554 sophista
1566 2515 1660 2546 suerit
1681 2526 1750 2547 oum

408 2571 446 2602 ἓν
461 2575 542 2608 ταῖς
559 2570 727 2610 μελέταις
744 2578 809 2602 tum
831 2571 867 2602 ἓν
881 2576 963 2607 ταῖς
981 2571 1190 2607 διαλέξεσιν.
1216 2571 1305 2602 Conf.
1328 2570 1393 2601 Vit.
1416 2569 1507 2610 Soph.
1528 2569 1668 2612 1.11,8‚
1687 2570 1746 2612 §3.

412 2625 454 2659 12
467 2651 476 2668 ‚
494 2626 511 2669 ᾗ
530 2625 561 2658 2.
589 2627 694 2659 Olear.
715 2639 744 2668 Ρ.
757 2626 842 2668 580,
863 2626 948 2663 593,
962 2628 1059 2665 alibi;
1081 2627 1237 2659 Plutarch.
1258 2628 1295 2658 dc
1310 2626 1405 2657 audit.
1429 2626 1483 2657 Ed.
1503 2626 1608 2658 Reisk.
1629 2626 1664 2657 T.
1685 2626 1747 2664 VI,

413 2693 440 2722 p.
466 2680 549 2722 149,
576 2680 615 2713 αἱ
643 2679 684 2712 δὲ
715 2680 787 2713 τῶν
813 2680 955 2714 πολλῶν
986 2681 1061 2713 δίιι
1074 2680 1219 2718 λέξεις
1250 2681 1311 2712 καὶ
1345 2679 1538 2720 μελέται
1569 2680 1750 2720 σοφιστῶν·

411 2739 479 2769 Non
510 2746 590 2769 recte
619 2746 717 2770 alitem
739 2740 880 2770 Olearius
905 2741 942 2770 ad
962 2740 1043 2770 Phil.
1077 2751 1105 2778 γ.
1130 2739 1211 2778 5153,
1234 2745 1282 2768 11⁰-
1304 2740 1333 2769 7.
1360 2739 1540 2777 otschoell,
1567 2739 1676 2770 Gesch.
1699 2739 1752 2770 der

410 2794 534 2825 Griech.
563 2794 701 2826 Luserat.
733 2796 785 2826 Βά-
815 2795 868 2832 11,
898 2795 927 2823 S.
950 2794 1032 2835 450,
1060 2796 1176 2825 uehers.
1211 2803 1240 2823 v.
1264 2795 1395 2825 pinder:
1417 2796 1483 2835 τὴν
1500 2793 1652 2835 μελέτην
1672 2800 1746 2824 um-
