2154 3500
1010 275 1064 315 25

389 412 479 443 eam
509 397 751 454 opinionem
784 399 1007 442 admittant
1041 400 1104 442 vel
1132 400 1257 442 etiam
1280 397 1589 441 commendent.
1630 395 1708 441 So-

393 477 602 517 loe-cislae
620 491 650 517 s.
676 475 1080 531 Peeudoeoplzietae
1094 477 1274 531 scriptor
1299 491 1386 517 non
1413 476 1539 516 modo
1557 475 1707 516 viserat

387 556 659 610 Aegypfflm‚
706 554 778 596 sed
809 554 906 596 satis
943 554 1018 595 diu
1060 554 1218 595 ibidem
1245 555 1418 597 vixerat.
1450 553 1617 604 Refert,
1664 568 1706 594 se

386 631 479 673 illic
512 634 798 686 συγγένεσθαι
839 630 851 655 ¹
889 647 988 675 cum
1036 631 1220 689 quodam
1252 633 1423 677 Socrate
1463 647 1487 676 a
1527 631 1703 688 Mops03

389 708 504 765 quod
523 711 618 766 ¹<tion
644 710 697 754 de
717 724 946 769 congre-ssu
966 743 977 763 ,
1027 710 1165 767 qualis
1188 710 1233 753 in
1259 711 1411 754 itinere
1435 710 1533 763 fiat,
1561 708 1634 753 sed
1653 709 1707 752 de

387 770 581 844 longiori}
623 788 931 830 consuetudine
973 788 1480 844 interpretanduntesse,
1525 787 1708 830 ostendit

1224 866 1265 917 ²,
1306 876 1480 923 propter
1505 882 1612 923 quos
1640 868 1707 909 di-

388 869 727 909 commemoratio
762 876 822 909 tot
852 869 1197 909 soloecismorum

386 942 515 986 versis
542 944 803 1001 temporibus
824 944 898 988 ille
921 945 1114 988 Socrates
1136 951 1361 1002 peccantes
1387 944 1587 988 illusisset
1605 952 1634 988 ³.

447 1022 496 1063 In
517 1021 824 1065 declamatione
844 1021 1120 1080 Apophrade
1136 1038 1168 1066 s.
1187 1022 1534 1080 Pseudoloqieca
1546 1022 1707 1064 Timar-

387 1098 491 1140 chus
515 1098 690 1156 quidam
726 1108 920 1153 vexatur,
955 1102 1030 1159 qui
1062 1109 1253 1144 nostrum
1284 1083 1535 1158 scriptorem
1563 1100 1705 1142 irrise-

384 1186 475 1229 rat,
504 1193 687 1235 eumque
709 1180 958 1222 barbarismi
982 1181 1318 1232 insimulaverat,
1348 1181 1393 1222 in
1418 1194 1499 1221 usu
1525 1179 1707 1221 nominis
1745 1206 1750 1208 >

383 1257 579 1313 ἀποφράς
602 1259 631 1300 ⁴.
673 1257 910 1315 Singularis
946 1258 1178 1311 acerbitas,
1224 1273 1309 1316 qua
1350 1272 1400 1300 ea
1431 1256 1590 1313 injuria
1620 1257 1705 1299 vin-
1766 1293 1770 1297 .

384 1333 552 1375 dicatur
565 1367 576 1386 ,
595 1335 661 1376 vel
677 1336 834 1391 optime
849 1337 1083 1393 explicatur
1103 1338 1149 1379 in
1165 1335 1340 1379 homine
1356 1368 1369 1392 ,
1391 1336 1468 1393 qui
1478 1336 1568 1391 jam
1587 1335 1707 1391 prius

385 1412 605 1454 literarum
642 1412 769 1455 laude
806 1421 978 1455 ornatus
1020 1429 1145 1456 senex
1183 1415 1236 1457 ad
1273 1414 1527 1457 rhetoricam
1566 1414 1705 1456 redire

387 1498 557 1533 coactus
588 1491 742 1534 fuerat.

429 1650 442 1674 ¹
465 1652 583 1685 Soloec.
602 1665 627 1685 s.
640 1654 784 1686 Pseudos.
801 1666 828 1686 c.
845 1655 878 1686 5.

432 1719 448 1737 2
474 1718 554 1750 Ibid.
572 1730 599 1750 c.
616 1719 717 1755 5-7.

432 1786 448 1806 ³
471 1783 610 1824 Guyetus
619 1790 649 1815 et
659 1785 701 1815 La
718 1786 811 1818 Croze
827 1786 1023 1816 Soloecistam
1032 1787 1166 1817 Luciano
1173 1787 1400 1828 abjudicarunt.
1425 1786 1562 1817 Reitzius
1574 1792 1604 1816 et
1612 1786 1704 1816 Sola-

388 1848 446 1869 nus
461 1837 536 1881 (vid.
554 1838 636 1872 hunc
653 1840 692 1871 ad
708 1852 735 1872 c.
756 1840 804 1883 5.)
822 1847 853 1873 et
870 1841 1010 1872 Rankius
1020 1865 1030 1881 ,
1050 1841 1163 1873 Pollux
1181 1847 1212 1873 et
1231 1841 1383 1873 Lucianus
1394 1864 1404 1882 ,
1415 1841 1581 1873 Commeat.
1598 1838 1683 1872 1831
1694 1863 1704 1879 ‚

385 1906 414 1933 p.
433 1893 488 1926 23.
514 1896 743 1927 addubitatum.
765 1898 805 1928 Et
822 1908 895 1928 sane
911 1898 993 1938 quod
1010 1899 1179 1937 compluris
1195 1898 1234 1928 ab
1253 1899 1322 1938 ejus
1339 1903 1462 1928 auctore
1476 1896 1704 1937 reprehendun—

383 1957 458 1992 tur,⁴
469 1963 546 1993 quae
558 1952 620 1994 ipse
630 1953 782 1985 Lucianus
795 1959 827 1986 et
842 1954 949 1995 optimi
967 1954 1076 1987 Graeci
1091 1960 1230 1986 auctores
1243 1954 1355 1995 passim
1370 1959 1594 1994 usurpaverunt
1604 1952 1704 1994 (cons.

386 1997 467 2039 omn.
487 2010 612 2041 Graevii
620 2011 736 2041 Comm.
748 2011 824 2046 adh.
834 2012 993 2053 libr.)non
1005 2018 1121 2051 poterat
1127 2012 1276 2051 explicari
1283 2011 1444 2042 statuendo
1454 2010 1704 2041 Lucianuminiis

383 2074 434 2103 per
456 2064 625 2097 irrisionem
651 2065 851 2106 sophistarum
875 2067 913 2098 de
941 2068 1092 2099 industria
1116 2067 1421 2112 ὑπεραττικίζειν.
1443 2066 1516 2107 quia
1526 2067 1617 2107 juxta
1626 2065 1704 2103 ista,

384 2120 476 2153 etiam
492 2123 587 2154 crassi
600 2124 772 2156 soloecismi
787 2130 935 2156 notantur
949 2125 1065 2166 (qualis
1083 2136 1132 2156 ex.
1148 2136 1176 2156 c.
1195 2130 1241 2155 est
1251 2124 1323 2165 ille,
1341 2135 1369 2155 c.
1387 2122 1409 2155 8
1424 2129 1456 2154 et
1476 2122 1515 2161 9,
1531 2121 1624 2154 κατὰ
1643 2122 1703 2157 σᾶς

385 2177 519 2214 αὐτοὺς
534 2177 764 2222 διήλθομεν),
784 2180 896 2220 quihus
913 2180 1064 2220 ejusmodi
1079 2179 1229 2210 irrisionis
1236 2178 1395 2209 efficacitas
1404 2188 1525 2217 prorsus
1533 2177 1704 2207 tolleretur.

385 2233 505 2275 Dialogi
522 2245 611 2275 porro
628 2236 725 2267 forma
737 2260 746 2277 ,
764 2236 823 2268 etsi
838 2236 974 2277 aliquam
999 2236 1224 2268 excusationem
1242 2234 1353 2274 habet,
1372 2233 1411 2264 ob
1428 2233 1622 2265 artificiosum
1634 2232 1704 2263 stri·

387 2289 548 2331 biliginum
564 2290 714 2323 intextum
726 2315 736 2333 ‚
756 2293 882 2323 omnino
904 2293 1067 2323 invenusta
1088 2298 1134 2323 est
1152 2292 1307 2334 (videatur
1329 2290 1500 2321 Socraticae
1518 2289 1704 2320 inductionis

384 2345 534 2377 affectatio
550 2346 584 2377 in
599 2347 679 2378 falso
694 2348 871 2389 syllogismo
880 2348 919 2379 ad
934 2348 1058 2379 initium
1067 2371 1077 2388 ,
1089 2359 1117 2379 c.
1134 2350 1144 2380 Ι
1158 2360 1167 2388 3
1190 2346 1338 2377 sermonis
1346 2344 1560 2386 redintegratio
1568 2349 1599 2374 et
1608 2344 1703 2374 abru-

383 2406 452 2439 ptus
469 2401 539 2432 finis
551 2425 560 2442 ,
580 2413 609 2434 c⁴
631 2401 653 2434 8
669 2409 700 2434 et
724 2402 789 2446 12.)
809 2410 839 2434 et
857 2405 948 2445 longe
962 2405 1031 2443 plus
1048 2404 1236 2444 arrogantiae
1257 2403 1336 2445 (vid.
1356 2413 1383 2433 c.
1404 2401 1457 2433 12.
1470 2401 1537 2442 ἐγὼ
1556 2399 1597 2432 δὲ
1617 2394 1702 2432 οἶδα

384 2467 414 2487 κ.
433 2468 466 2488 τ.
486 2458 531 2500 ε.)
551 2469 641 2499 quam
662 2460 736 2491 salis
755 2461 907 2501 ostendit,
929 2460 980 2491 cui
998 2466 1153 2501 praeterea
1175 2471 1245 2502 erga
1263 2460 1336 2491 mite
1352 2458 1502 2501 ejusmodi
1516 2464 1546 2489 et
1555 2456 1699 2488 stolidum

382 2509 536 2552 ingenium
554 2515 646 2553 quale
665 2515 841 2547 soloecistae
857 2516 981 2557 fingitur
992 2539 1001 2556 ,
1012 2516 1062 2547 vix
1080 2517 1166 2547 locus
1181 2517 1292 2547 fuerat.
1308 2516 1415 2555 Itaque
1434 2514 1461 2544 si
1479 2514 1607 2545 Luciani
1624 2524 1701 2553 opus

384 2568 423 2599 ⁸5²
434 2592 443 2608 a
461 2568 551 2602 ‘firm
567 2582 605 2602 ⁰1
624 2571 672 2603 his
691 2584 746 2613 pro
764 2562 1000 2615 senilis'potius,
1011 2585 1101 2615 quam
1112 2585 1166 2614 pro
1175 2573 1304 2615 vigentis
1311 2572 1420 2604 aetatis
1428 2572 1530 2603 fructu
1537 2570 1700 2603 habeatur.

427 2628 440 2650 ¹¹
466 2627 640 2667 Aprophras
654 2630 844 2675 azsl’seudol.
871 2643 897 2662 c.
921 2631 936 2661 l
950 2638 980 2662 et
996 2631 1048 2662 ll.
1062 2651 1104 2658 -
1116 2631 1225 2670 Ephesi
1243 2630 1372 2668 scriptus
1391 2635 1437 2659 est
1445 2629 1501 2660 lib.
1511 2629 1575 2660 vid.
1587 2641 1615 2660 c.
1637 2629 1679 2659 10
1689 2652 1697 2659 ,

379 2695 440 2726 qno
469 2684 536 2716 loco
567 2674 731 2725 significari
759 2687 879 2720 videtur
897 2687 1063 2736 lucianum
1088 2694 1157 2720 ante
1179 2690 1207 2720 id
1237 2693 1373 2726 tempus,
1393 2692 1452 2716 tam
1479 2684 1510 2715 in
1531 2684 1654 2715 Oriente
1672 2692 1699 2716 ot

384 2742 539 2783 Aegypto,
560 2753 649 2782 quam
667 2743 697 2773 in
719 2743 809 2774 Italia
829 2751 856 2774 rt
878 2737 1004 2776 (fi-acciu
1025 2746 1129 2777 fuisse.
