2154 3500
1092 255 1144 269 μιν

1097 270 1146 295 Ιῑ)

449 394 471 421 ι(
482 377 637 422 Solche
657 378 893 439 Uebungen
907 378 1078 439 (nempe
1092 360 1239 437 duales
1248 379 1295 423 in
1313 370 1565 424 Amor-ihm
1583 386 1625 422 et
1639 378 1769 422 Ana-

444 453 657 500 chareide
683 455 1003 516 describuntur)
1021 456 1113 501 halt
1139 457 1300 502 Lucian
1323 457 1477 501 eeinen
1504 455 1765 516 Zeitgenoe-

444 548 522 575 sen
553 548 640 587 vor,
661 536 795 578 damit
825 537 887 578 sie
912 536 985 578 die
1006 535 1177 593 Jugend
1200 536 1247 577 in
1271 535 1556 591 Verbindung
1582 535 1658 576 mit
1686 534 1764 576 der

446 636 500 645 -
514 613 722 671 geistigen
740 613 986 670 Erziehung
1012 612 1129 655 stark
1140 612 1230 654 und
1245 612 1404 670 kraftig
1429 610 1761 655 heranwaehsen

442 689 621 734 lassen.»
635 691 748 734 —S.
775 691 855 734 32:
882 690 965 733 «Er
982 687 1210 747 versprach
1226 688 1316 733 sich
1333 704 1415 733 nur
1431 704 1512 733 von
1528 688 1648 732 einer
1665 686 1759 732 har-

442 767 696 812 monischen
714 768 988 827 Ausbildung
1010 767 1083 811 des
1099 768 1262 812 Geistes
1279 767 1367 810 und
1381 767 1568 829 Korpers
1582 766 1652 811 die
1667 765 1760 808 bes·

440 856 513 891 ten
529 849 689 907 Folgen
704 848 776 890 fiir
791 847 861 890 die
877 847 1142 906 Erstarkung
1157 847 1234 890 der
1245 845 1504 890 Romuliden
1517 846 1655 888 seiner
1668 845 1763 887 Zeit

443 942 540 970 zum
569 928 800 970 Bessern.»
832 926 959 969 Hunc
987 927 1033 969 in
1056 927 1205 983 primis
1231 933 1401 969 secutus
1416 925 1485 969 Fr.
1502 926 1697 976 Cramer,
1714 924 1760 965 in

439 1005 702 1051 Geschichte
734 1005 811 1049 der
834 1005 1002 1049 Erzieh.
1029 1021 1074 1050 u.
1104 1006 1147 1050 d.
1181 1005 1351 1049 Unterr.
1380 1005 1440 1047 im
1471 1002 1655 1047 Alterth.
1677 1003 1763 1048 Bd.·

437 1084 505 1137 II,
533 1086 575 1127 S.
604 1087 716 1137 715,
750 1087 835 1129 718
853 1118 864 1137 ,
894 1085 1118 1127 affirmavit
1154 1084 1365 1139 dominari
1395 1084 1442 1125 in
1468 1082 1637 1138 scriptis
1674 1083 1758 1124 Lu-

437 1163 573 1206 ciani:
622 1163 733 1206 «die
773 1163 875 1206 Idee
914 1179 997 1206 von
1034 1163 1153 1205 einer
1177 1162 1515 1221 Wiedergeburt
1537 1161 1610 1204 des
1645 1162 1761 1219 grie-

436 1241 642 1285 chischen
669 1241 954 1293 Alterthums‚
988 1240 1135 1284 durch
1165 1242 1264 1284 eine
1288 1242 1589 1300 zeitgemdese
1614 1234 1757 1299 Rege-

434 1322 646 1364 neration
674 1320 756 1363 der
777 1321 906 1363 alten
926 1319 1237 1379 griechischen
1265 1318 1579 1378 Erziehuny»
1613 1320 1754 1374 Quam

434 1397 610 1454 quidem
643 1399 920 1451 sententiam,
958 1412 1059 1441 cum
1098 1398 1216 1451 aliis,
1254 1406 1346 1440 tum
1379 1396 1755 1441 Anarchareidie

433 1475 539 1518 locis
567 1476 816 1519 illustravit.

490 1554 545 1597 Ut
568 1558 712 1596 autem
732 1552 856 1596 aliter
881 1551 935 1595 de
969 1551 1157 1595 Luciano
1185 1551 1433 1609 judicemus
1448 1585 1459 1605 ,
1492 1566 1753 1610 quamquam

432 1631 661 1683 efficietur,
688 1632 735 1673 ni
765 1631 914 1683 fallor,
947 1630 1039 1686 ipsa
1065 1630 1350 1685 posteriorum
1377 1630 1469 1684 ejus
1492 1631 1751 1686 scriptorum

425 1709 729 1765 explicatione,
760 1717 902 1750 tamen
920 1741 931 1759 ‚
957 1722 1093 1763 quum
1109 1707 1201 1762 jam
1227 1707 1340 1750 hanc
1354 1708 1543 1764 priorem
1558 1708 1750 1764 disputa-

426 1786 550 1830 tionis
580 1793 746 1842 partem
785 1785 1014 1842 separatim
1052 1784 1250 1839 edamus,
1287 1786 1497 1829 nonnulla
1537 1785 1622 1829 hoc
1653 1787 1751 1830 loco

425 1866 667 1908 adnotanda
702 1856 915 1908 videntur.

483 1944 696 1986 Lucianus
718 1944 753 1985 si
788 1943 904 1986 haud
938 1958 1034 1986 raro
1063 1943 1111 1985 in
1143 1942 1326 1985 satiricis
1352 1945 1440 1986 suis
1474 1945 1642 2000 scriptis
1670 1946 1750 2002 Gy-

426 2022 524 2064 nica
552 2036 696 2064 rerum
723 2019 1010 2062 humanarum
1032 2020 1316 2078 despicientia
1343 2036 1445 2065 usus
1465 2030 1527 2065 est
1541 2056 1552 2075 ,
1570 2029 1612 2065 et
1629 2038 1750 2065 verae

423 2100 634 2142 libertatis
660 2099 922 2142 effectricem
948 2114 1041 2141 eam
1067 2100 1258 2143 laudavit
1289 2101 1490 2160 (exempl.
1528 2101 1613 2144 vid.
1646 2102 1749 2144 insi-

427 2180 601 2237 gniora,
632 2180 678 2221 in
704 2178 872 2236 Dialog.
904 2179 1027 2221 Mort.
1057 2179 1100 2231 1,
1125 2180 1194 2231 II,
1221 2181 1281 2232 X;
1300 2180 1464 2236 Catapl.
1496 2194 1534 2223 c,
1567 2182 1619 2222 12
1637 2213 1648 2232 ‚
1670 2184 1748 2232 13,

427 2259 504 2310 153
546 2256 727 2301 Charon.
776 2271 814 2301 c,
859 2260 1060 2311 15-20;
1103 2257 1283 2301 Icarom.
1326 2273 1364 2301 c.
1402 2260 1428 2300 4
1445 2292 1457 2310 ,
1506 2261 1582 2311 17;
1633 2262 1748 2302 conf.

424 2336 670 2379 Demonact.
699 2336 787 2381 Vit.
820 2350 858 2379 e.
892 2334 985 2394 20),
1017 2337 1211 2394 profecto
1232 2337 1362 2380 unice
1385 2338 1546 2391 voluit,
1564 2340 1749 2397 conjun-

422 2422 533 2455 ctam
563 2428 650 2456 esse
676 2414 915 2456 libertatem
950 2428 1052 2456 cum
1086 2416 1219 2457 animi
1251 2416 1503 2472 ingeniique
1531 2418 1667 2460 cultu.
1698 2420 1748 2460 ln

424 2491 690 2548 explodenda
720 2492 897 2551 quidem
924 2493 1171 2536 mortalium
1202 2493 1387 2537 vanitate
1409 2492 1559 2538 heroes
1581 2494 1750 2538 induxit

421 2571 602 2628 Cynicos
621 2604 633 2627 ,
661 2572 843 2613 mirifice
878 2587 974 2614 vero
1000 2574 1180 2628 explosit
1211 2574 1255 2615 in
1287 2574 1338 2614 iis
1368 2574 1470 2630 ipsis
1501 2575 1745 2619 inhumani-

421 2657 551 2693 tatem
580 2658 622 2693 et
644 2650 946 2696 ’ἀπαιδευσίαν
979 2651 1079 2709 (vid.
1110 2652 1198 2697 Vit.
1228 2652 1354 2696 Auct.
1392 2668 1430 2696 c.
1463 2655 1542 2705 10,
1584 2657 1632 2697 11
1657 2671 1666 2697 :
1697 2658 1746 2698 οὐ

425 2734 505 2784 γάρ
547 2745 611 2771 σοι
641 2732 779 2783 δεήσει
822 2732 1024 2779 παιδείας
1063 2748 1102 2773 κ.
1133 2748 1170 2773 τ.
1191 2730 1271 2788 λ.).
1304 2732 1398 2774 Νοη
1429 2733 1475 2774 ἱιι
1516 2733 1742 2787 sophistica
