2154 3500
1005 262 1060 301 23

374 392 487 449 apud
514 391 748 443 Lucianum
771 403 963 430 caussam
989 388 1318 444 deprehendisse
1343 391 1424 432 sibi
1445 391 1665 434 videntur-¹
1680 425 1691 442 ,

374 473 418 513 in
448 485 524 524 eo,
547 469 662 526 quod
687 468 867 511 Asianae
891 466 1127 510 rhetoricae
1156 468 1353 511 alumnus
1369 452 1394 521 ,χ
1404 484 1456 512 eo
1481 476 1693 527 tempore,

377 562 463 605 quo
485 548 689 595 scriberet
720 548 910 589 Amores·
927 578 938 597 ,
964 545 1193 589 admodum
1212 546 1382 602 juvenis
1414 561 1464 589 ex
1491 546 1666 590 Oriente
1683 583 1694 601 ,

379 639 531 681 nempe
570 623 797 667 Antiochia
815 657 825 673 ,
870 624 1119 680 nuperrime
1155 624 1200 665 in
1233 625 1400 667 Italiam
1436 624 1695 677 advenisset3

382 703 446 755 id,
482 703 838 765 quodtestentur
877 700 1005 743 vividi
1042 707 1084 743 et
1118 701 1238 758 quasi
1274 710 1464 746 recentes
1494 704 1538 746 in
1574 704 1701 746 rebus

381 767 582 824 enarraii}
598 782 774 824 colores.
809 780 905 834 Quo
921 780 1056 837 igitur
1077 784 1216 821 sumto
1233 812 1244 826 ,
1264 781 1541 840 ta‘JLuciani
1563 782 1700 826 Amo-

380 860 524 912 rilms,
539 874 667 917 quam
678 859 836 902 Suidae
851 858 1092 901 testimonio
1104 857 1334 900 auctoritas
1349 866 1526 903 constet.
1540 860 1701 904 Verum

378 938 564 991 accidit,
610 945 658 979 ut
694 938 775 980 iter
796 938 842 980 in
873 935 1126 979 Amorihue
1149 943 1429 979 memoratum
1463 937 1591 993 plane
1616 953 1703 981 non

380 1018 509 1073 possit
535 1015 683 1059 haberi
712 1030 791 1073 pro
821 1030 870 1059 eo
887 1048 897 1067 ‚
932 1029 1020 1072 quo
1038 1014 1250 1057 Lucianus
1269 1013 1440 1070 juvenis
1468 1015 1514 1057 in
1536 1016 1704 1059 Italiam

380 1096 595 1152 profectus
623 1103 697 1139 est.
730 1095 810 1138 Hic
840 1095 953 1137 enim
993 1093 1150 1136 diserte
1185 1093 1342 1136 retulit—
1360 1108 1404 1137 se
1429 1101 1520 1137 tum
1542 1095 1589 1137 in
1613 1096 1705 1138 Ita-

382 1174 483 1230 liam
494 1174 654 1216 venisse
666 1206 679 1225 ,
701 1188 786 1216 non
801 1187 825 1216 e
839 1173 959 1230 Syria
972 1206 983 1224 ,
1002 1172 1075 1215 sed
1086 1187 1108 1213 e
1124 1170 1323 1216 Graecia
1337 1206 1348 1224 ‚
1367 1173 1562 1231 trajecto
1574 1171 1705 1216 Ionio

382 1254 509 1304 sinit,
549 1260 591 1294 et
623 1251 796 1308 quidem
834 1258 1057 1307 postquam
1093 1249 1184 1305 jam
1215 1259 1293 1306 per
1319 1251 1543 1293 Graeciam
1575 1259 1706 1308 atque

381 1332 545 1373 Ioniam
574 1331 763 1386 aliquam
790 1331 836 1370 in
869 1329 1080 1371 rhetorica
1100 1329 1394 1371 celebritatem
1424 1337 1575 1371 nactus
1602 1330 1707 1372 fuis·

382 1418 446 1452 set
473 1417 502 1452 ².
531 1409 675 1463 Quum
697 1416 840 1450 autem
862 1408 1019 1449 seriore
1044 1407 1156 1449 vitae
1175 1414 1365 1462 tempore
1397 1414 1440 1450 et
1463 1408 1707 1451 subactiore

428 1593 440 1617 ²
469 1595 556 1627 Gonf.
595 1596 628 1627 C.
665 1596 714 1627 fr.
751 1596 906 1628 Hermann
918 1620 927 1637 ,
955 1597 1088 1637 Allgem.
1125 1596 1247 1627 schulz.
1275 1594 1372 1632 1832,
1417 1596 1448 1627 S.
1474 1595 1539 1628 804
1564 1602 1596 1628 et
1630 1597 1709 1628 God.

385 1651 500 1682 Wetzl.
512 1675 522 1688 ‚
550 1653 635 1683 laud.
661 1664 768 1684 comm.
793 1664 823 1692 p.
843 1651 898 1685 18.
921 1652 1052 1683 solanus
1068 1653 1108 1683 ad
1123 1653 1171 1684 tit.
1189 1652 1263 1683 libri
1278 1652 1422 1693 ambigit,
1443 1658 1569 1692 «certe,
1588 1653 1709 1693 inquit,

384 1705 411 1735 ai
430 1706 558 1744 Lueiani
577 1717 651 1746 opus
681 1709 739 1747 sit,
762 1708 902 1748 juvenile
919 1713 987 1745 est,
1004 1708 1148 1748 priusque
1167 1708 1312 1747 scriptum
1339 1718 1429 1747 quam
1451 1708 1575 1740 facilem
1589 1731 1599 1747 ,
1620 1719 1710 1748 quem

386 1762 416 1792 in
434 1774 471 1794 eo
488 1764 651 1804 miramur,
670 1770 700 1796 et
717 1764 889 1795 versatilem
910 1764 1014 1794 stilum
1033 1770 1214 1795 consecutus
1232 1769 1322 1795 esset.
1336 1774 1352 1794 »

415 1849 445 1886 ,²
470 1848 521 1879 Bis
551 1851 624 1880 Ace.
653 1858 680 1878 c.
713 1846 776 1888 27,
813 1846 950 1879 κλεινὸν
986 1845 1099 1878 αὐτὸν
1128 1846 1190 1877 καὶ
1221 1844 1384 1885 ἀοίδιμον
1408 1845 1634 1879 ἐποίουν-καὶ
1662 1847 1710 1879 τὰ

385 1902 449 1943 μὲν
467 1903 527 1936 ἐπὶ
552 1905 616 1945 τῆς
641 1896 827 1939 Ἐλλάδος
855 1903 917 1933 καὶ
936 1904 1000 1944 τῆς
1017 1898 1160 1938 ῗΙωνίας
1176 1902 1321 1947 μέτρια,
1340 1902 1373 1939 ἐς
1393 1900 1435 1934 δὲ
1455 1904 1524 1945 τὴν
1537 1897 1710 1934 Ἰταλίαν

385 1959 616 2003 ἀποδημῆσαι
635 1958 834 2002 θελήσαντι
853 1957 954 2002 αὐτῷ
974 1958 1038 1991 τὸν
1052 1953 1185 1990 Ἰόνιον
1202 1956 1471 1991 συνδιέπλευσα.
1493 1958 1705 1991 Dissimulavit

387 2014 466 2046 hanc
483 2016 716 2056 discrepantiam
732 2015 886 2046 Wetzlar.
907 2015 981 2054 ubi,
1000 2015 1025 2046 l.
1042 2015 1067 2045 l.
1083 2025 1113 2053 p.
1131 2013 1194 2054 35,
1214 2015 1252 2045 de
1272 2014 1417 2054 scriptore
1437 2013 1591 2046 Amorum*
1609 2015 1705 2045 dixit:

388 2083 405 2102 α
417 2070 556 2103 Scimus
576 2083 645 2102 eum
664 2072 734 2103 inde
750 2073 787 2113 (a
807 2071 916 2113 Cnido)
927 2071 968 2101 in
987 2071 1172 2101 Graeciam
1182 2071 1349 2110 profectum
1365 2076 1396 2102 et
1411 2082 1465 2110 per
1476 2071 1571 2102 breve
1592 2077 1709 2102 tantum

384 2127 529 2166 temporis
552 2127 684 2167 spatium
704 2127 749 2157 ibi
764 2132 982 2158 commoratum
1001 2126 1116 2163 fuisse3
1134 2136 1206 2156 mox
1222 2126 1304 2157 enim
1324 2126 1433 2166 viginti
1455 2126 1591 2167 quinque
1618 2138 1715 2157 annos

384 2190 475 2214 natus
493 2195 510 2215 e
526 2185 655 2216 Graecia
672 2184 705 2215 in
727 2184 850 2215 Italiam
869 2183 1037 2224 navigavit.
1049 2194 1066 2212 »
1109 2183 1226 2214 Auctor
1243 2184 1388 2215 Amorum
1405 2193 1422 2212 e
1443 2181 1532 2222 Syria
1558 2183 1632 2213 navi
1655 2182 1713 2213 sibi

385 2240 534 2272 instructa
560 2241 695 2271 instituit
724 2234 799 2272 ἐπ’
825 2234 998 2272 Ἰταλίαν
1023 2237 1128 2271 πλεῖν
1149 2239 1191 2280 (c.
1209 2237 1279 2282 6.);
1299 2239 1332 2269 in
1351 2239 1461 2270 itinere
1480 2240 1579 2271 socios
1596 2241 1629 2271 in
1654 2251 1713 2271 na-

387 2305 453 2326 vem
469 2306 554 2326 suam
577 2296 684 2335 recipit
704 2295 895 2326 Corinthium
918 2301 949 2326 et
970 2292 1186 2327 Atheniensem
1202 2296 1242 2337 (c.
1263 2291 1316 2335 9),
1337 2293 1448 2333 quippe
1467 2294 1523 2334 qui
1538 2294 1611 2325 item
1627 2295 1713 2334 eogi-

390 2355 490 2380 tarent
516 2349 568 2385 εἰς
592 2350 661 2391 τὴν
689 2344 860 2380 Ἰταλίαν
885 2347 1053 2393 ἀπαίρειν
1073 2350 1113 2391 (c.
1132 2347 1200 2388 10).
1224 2347 1293 2378 Jam
1312 2358 1434 2387 prorsus
1453 2348 1652 2388 improbabile
1668 2355 1714 2380 est

383 2417 454 2437 eum
479 2406 612 2437 Graecos
638 2404 797 2444 homines,
825 2415 902 2445 quos
932 2405 965 2435 in
988 2403 1112 2435 Italiam
1139 2404 1293 2435 ducendos
1323 2403 1537 2444 adsummi,
1563 2404 1596 2435 in
1614 2403 1709 2444 ipsam

386 2462 545 2493 Graeciam
573 2463 741 2494 reduxisse.
775 2463 936 2493 Praeterea
964 2462 1055 2500 plane
1082 2467 1223 2501 apparet,
1255 2461 1335 2492 illud
1365 2461 1424 2491 iter
1439 2471 1502 2501 quo
1521 2461 1676 2493 Lucianus
1696 2475 1713 2493 e

387 2516 516 2548 Graecia
534 2517 660 2559 navigat
678 2517 712 2549 in
731 2517 857 2550 Italiam
869 2542 878 2560 ,
897 2528 960 2548 non
979 2523 1094 2557 partem
1115 2517 1275 2559 quamdam
1296 2527 1362 2547 esse
1379 2516 1611 2558 navigationise
1623 2517 1711 2559 Syria

387 2574 485 2603 sactae
497 2595 507 2612 ‚
527 2573 580 2603 aed.
596 2584 634 2604 ex
654 2573 720 2612 ipsa
739 2573 867 2604 Graecia
886 2573 1060 2604 institutum
1077 2573 1183 2605 fuisse.
1220 2573 1378 2604 Caeterum
1403 2573 1487 2613 quod
1513 2572 1581 2612 ipso
1603 2574 1712 2613 quinto

389 2635 420 2661 ot
439 2628 583 2661 vicesimo
600 2629 711 2662 aetatis
726 2640 808 2661 anno
824 2630 856 2661 in
875 2630 998 2662 Italiam
1009 2631 1196 2671 pervenerit,
1212 2631 1335 2662 ductum
1354 2635 1400 2661 est
1416 2640 1433 2661 e
1453 2629 1621 2662 collatione
1644 2631 1707 2662 dia-

390 2686 453 2726 logi
479 2685 597 2727 Nigrini
621 2697 689 2716 cum
715 2686 912 2726 Hermotimi,
933 2699 960 2718 c.
980 2686 1023 2719 24
1041 2694 1071 2719 et
1088 2699 1114 2718 e.
1140 2687 1198 2725 l3;
1226 2688 1262 2717 de
1281 2687 1370 2728 cujus
1392 2688 1507 2726 dialog}
1534 2695 1632 2719 aetate
1652 2700 1704 2718 eur

394 2743 482 2775 aliter
499 2742 663 2775 sentiamus
682 2743 761 2775 infra
778 2744 982 2784 exposuimus.
