2154 3500
1055 282 1107 322 58

401 409 578 454 rhetoris
622 418 763 453 autem
807 409 893 451 vita
940 410 1175 467 requiritur
1206 410 1489 452 intolerabilis
1527 394 1733 464 jactantia

400 489 466 531 sui
495 489 508 512 ¹
551 495 593 530 et
632 486 815 530 aliorum
856 485 1125 530 obtrectatio.
1171 486 1396 529 Caeterum
1441 486 1731 543 impudentia,

400 573 647 623 promptum
670 564 943 607 mendacium
970 573 1012 607 et
1031 566 1076 607 in
1099 566 1295 607 extremis
1319 564 1443 607 labiis
1467 564 1705 621 perjurium
1724 598 1733 614 ‚

336 659 338 662 ·
400 644 687 700 impurissima
717 644 891 686 omnino
919 652 960 687 et
989 643 1168 686 nefanda
1193 644 1238 685 in
1256 643 1401 700 primis
1432 643 1565 685 libido
1584 643 1623 696 ²,
1669 651 1736 685 ut-

404 730 504 780 pote
525 730 618 765 tum
640 711 802 782 alioqui
824 721 1062 767 rhetoricae
1084 723 1278 767 facultati
1300 729 1342 765 et
1358 721 1476 766 laudi
1492 722 1729 774 fructuosa,

400 810 492 846 tum
527 802 707 847 mirifice
738 803 884 847 efficax
907 803 961 847 ad
987 802 1227 861 augendam
1259 800 1568 858 impudentiam
1597 808 1726 859 atquc

395 881 635 925 audaciam.
1495 924 1499 928 .

454 960 570 1004 Haec
610 960 783 1021 quidem
856 960 995 1004 omnia
1025 957 1231 1018 praesidia
1271 957 1351 1001 sibi
1392 965 1433 1001 et
1473 956 1657 1000 adfuisse
1694 963 1735 1000 et

393 1039 780 1094 splendidissimum
797 1040 843 1079 in
884 1038 1095 1079 rhetorica
1122 1038 1263 1079 locum
1280 1038 1495 1092 peperisse
1508 1037 1599 1077 viae
1622 1036 1737 1076 illius

393 1117 479 1159 dux
497 1118 735 1172 profitetur.
768 1118 919 1158 Noster
932 1124 1074 1158 autem
1099 1117 1142 1157 in
1188 1116 1270 1157 fine
1295 1115 1394 1157 libri
1421 1115 1734 1158 adolescentem

397 1191 610 1247 hortatur,
639 1201 689 1236 ut
706 1191 798 1249 jam
826 1192 929 1237 huic
956 1194 1044 1252 legi
1070 1193 1358 1250 obtemperet,
1402 1192 1464 1236 sic
1484 1192 1596 1235 enim
1625 1191 1731 1244 fore,

394 1279 443 1314 ut
474 1278 516 1313 et
540 1272 585 1313 in
607 1271 784 1327 judiciis
805 1272 948 1314 vincat
977 1278 1019 1312 et
1048 1271 1164 1328 apud
1185 1271 1507 1313 multitudinem
1534 1270 1729 1312 celebre-

393 1359 489 1400 tur,
527 1351 635 1408 quin
675 1350 781 1392 adeo
818 1350 1154 1405 pulcherrimam
1216 1351 1441 1392 mulierem
1475 1349 1732 1392 rhetoricam

397 1429 533 1484 ipsam
565 1442 742 1470 uxorem
773 1427 917 1471 ducat.
1079 1484 1084 1489 Ι

453 1496 770 1563 Saepenumero
793 1506 1006 1548 Lucianus
1021 1539 1033 1558 ,
1062 1521 1321 1566 quamquam
1362 1506 1618 1563 plerumque
1640 1505 1734 1547 stri-

396 1584 526 1636 ctim,
550 1585 596 1626 in
621 1585 716 1627 aliis
745 1585 944 1640 operibus
967 1583 1191 1627 rhetorum
1212 1586 1365 1640 ‘literas
1392 1599 1443 1627 ac
1473 1598 1611 1625 mores
1642 1584 1731 1625 vel-

394 1662 567 1714 licavit,
599 1661 653 1703 de
686 1661 898 1704 industria
927 1649 1251 1705 vero'sermonis
1277 1660 1497 1718 sophistici
1521 1661 1741 1704 lenocinia-

395 1738 440 1781 in
471 1737 742 1795 Lexiplzane
768 1738 874 1783 risit.
907 1740 957 1782 In
983 1754 1096 1797 quo,
1128 1739 1315 1783 exhibito
1341 1738 1563 1783 luculento
1595 1740 1730 1795 speci-

393 1817 522 1868 mine,
540 1830 690 1858 eorum
714 1817 921 1859 insaniam
938 1816 1165 1868 describit,
1188 1818 1291 1875 qui,
1318 1831 1453 1875 quum
1481 1816 1729 1859 revocandis

441 2008 452 2026 ¹
484 2008 545 2040 Rh.
566 2008 618 2039 Pr.
646 2018 673 2039 c.
698 2006 761 2038 21:
796 2008 835 2039 τί
857 2007 926 2052 γὰρ
946 2006 964 2038 ὁ
983 2006 1185 2045 Παιανιεὺς
1209 2008 1291 2053 τρὸς
1314 2008 1395 2048 Zp&
1421 2009 1504 2041 nial.
1522 2010 1560 2040 de
1582 2009 1681 2040 Oratt.
1704 2020 1732 2040 c.

392 2062 456 2095 26:
483 2075 503 2094 α
517 2064 636 2104 Quotus
660 2064 742 2093 enim
767 2064 896 2103 quisque
921 2062 1174 2093 scholasticorum
1199 2074 1263 2093 non
1285 2063 1344 2094 hac
1362 2074 1417 2093 sua
1434 2064 1626 2102 persuasione
1644 2062 1726 2094 frui-

392 2125 504 2159 tur,ut
521 2130 553 2151 se
569 2125 639 2150 ante
658 2120 831 2150 Ciceronem
850 2124 987 2149 numeret
998 2116 1015 2148 P
1029 2129 1045 2147 »
1068 2119 1146 2150 Vide
1161 2119 1330 2159 jucundam
1346 2119 1550 2149 narrationem
1567 2119 1605 2150 de
1625 2118 1728 2150 Cestio

392 2176 619 2214 declamatore,
639 2175 720 2213 apud
747 2173 789 2203 M.
814 2173 898 2204 Ann.
925 2173 1029 2204 Senec.
1060 2174 1135 2205 Exc.
1155 2174 1242 2205 Decl.
1270 2175 1374 2205 contr.
1406 2175 1475 2215 111,
1503 2176 1536 2205 in
1556 2175 1724 2214 prooemio.

391 2231 597 2273 Arrogantiae
620 2229 825 2271 sophistarum
851 2231 989 2270 exempla
1015 2230 1076 2261 vid.
1104 2242 1153 2271 ap.
1174 2230 1319 2262 Philostr.
1337 2231 1480 2273 Philager
1498 2232 1528 2276 (ᾗ
1549 2231 1595 2274 l.)
1612 2232 1722 2264 domi-

395 2290 474 2319 tanti
497 2289 632 2319 auditori
650 2288 813 2335 co-laphum
834 2288 965 2327 impegit.
989 2288 1114 2318 Polemo
1134 2288 1163 2330 (ᾖ
1191 2289 1239 2329 4.)
1258 2289 1301 2319 ita
1319 2289 1486 2320 orationem
1511 2300 1636 2321 exorsus
1654 2296 1717 2321 est:

392 2344 502 2381 φασὶν
528 2343 641 2382 ὑμᾶς,
670 2337 697 2373 ὦ
713 2342 920 2384 Αθηναιοῖ,
941 2342 1066 2380 σοφοὺς
1089 2334 1179 2374 εἶναι
1207 2342 1383 2387 ἀκροατὰς
1410 2342 1533 2384 λόγων·
1562 2343 1714 2384 εἴσομαι.

393 2399 548 2430 Adrianus
574 2399 605 2442 (ξι
624 2397 673 2440 2.)
685 2422 695 2439 ,
722 2409 830 2438 nempe
857 2397 938 2439 Tyro
961 2398 1125 2435 oriundus,
1144 2399 1333 2431 Athenarum
1352 2399 1525 2432 cathedram
1546 2411 1717 2441 occupans:

392 2455 499 2488 πάλιν
518 2456 555 2488 ἐκ
583 2454 752 2497 Φοινίκης
772 2454 980 2499 γράμματα.

438 2531 453 2549 ²
480 2532 598 2563 Auctor
616 2530 671 2561 lib.
691 2530 728 2561 de
747 2540 832 2569 puer.
849 2529 936 2560 educ.
955 2529 1059 2561 Reisk.
1082 2530 1163 2562 Plut.
1176 2530 1209 2563 T.
1224 2530 1287 2566 Vl.
1310 2543 1339 2570 p.
1351 2530 1411 2572 18,
1431 2531 1485 2563 ubi
1502 2543 1520 2562 a
1536 2532 1723 2574 panegyricis

393 2588 481 2631 nugis
496 2597 587 2628 quam
605 2586 782 2627 longissime
806 2586 919 2617 abduci
936 2586 1018 2616 filios
1034 2587 1140 2627 jubet,
1165 2587 1261 2617 addit:
1287 2585 1356 2631 ὁρῶ
1377 2581 1527 2629 δ’ἔνωγε
1546 2586 1631 2625 τοὺς
1643 2592 1721 2626 τοῖς

392 2641 654 2689 συρφετῲδεσυν
693 2641 809 2687 ὄχλοις
844 2641 1000 2688 ἀρεστῶς
1037 2641 1100 2674 καὶ
1147 2641 1402 2687 κεχαρισμένως
1438 2642 1724 2687 ἐπιτηδεύοντας

394 2699 530 2742 λέγειν,
560 2700 622 2733 καὶ
650 2700 712 2733 τὸνΙ
738 2700 819 2740 βίον
846 2698 890 2737 ὡς
914 2700 959 2732 τὰ
984 2697 1098 2731 πολλὰ
1124 2697 1278 2735 ἀσώτους
1304 2699 1364 2730 καὶ
1393 2697 1603 2742 φιληδόνους
1631 2698 1722 2733 ἀπο·-

391 2756 595 2796 βαίνοντας.
