2154 3500
1016 270 1070 308 35

343 406 351 413 ·
379 396 608 440 Pantheam
646 394 876 447 exstitisse,
904 393 1086 437 amicam
1118 409 1209 437 eam
1237 395 1281 438 L.
1304 394 1436 450 Veri,
1471 402 1711 452 temporum

379 482 421 518 et
449 475 644 516 locorum
670 474 777 517 ratio
794 473 952 530 jubere
978 472 1148 515 videtur
1174 480 1222 514 ut
1249 488 1319 516 eos
1345 473 1577 514 referamus
1595 473 1649 515 ad
1665 475 1709 514 id

378 553 555 594 Luciani
585 560 776 608 tempus,
807 567 894 609 quo
923 552 1016 606 jam
1053 552 1204 593 relicta
1239 554 1408 603 Gallia,
1451 559 1708 608 anteaquam

378 629 556 672 Athenis
583 631 849 683 consideret,
880 630 1068 687 patriam
1095 645 1215 673 suam
1243 630 1436 673 inviserit
1468 639 1497 674 ¹.

438 707 730 752 Oratoriorum
769 708 905 767 igitur
936 707 1214 751 flosculorum
1253 707 1425 751 lascivia
1471 708 1532 750 ita
1569 708 1707 750 solum

382 788 620 845 explicatur
651 788 685 829 si
711 787 900 830 Luciano
929 786 1145 829 credimus
1162 817 1176 842 ,
1200 785 1311 829 hanc
1338 787 1569 830 Pantheam
1586 821 1598 839 ‚
1629 789 1707 830 etsi

379 866 767 922 intemperantioris
791 866 1061 922 imperatoris
1097 865 1297 916 amicam,
1338 867 1556 924 egregiam
1577 867 1708 923 plane

376 946 692 1002 amabilemque
715 945 905 1001 puellam
924 944 1056 987 fuisse
1072 977 1083 997 ‚
1110 942 1380 1002 eandemque
1408 950 1627 998 ornatam,
1658 946 1707 988 ea

375 1024 535 1066 artium
559 1037 610 1065 ac
635 1023 859 1065 literarum
891 1022 1097 1065 varietate
1114 1055 1125 1074 ‚
1168 1036 1256 1079 qua
1284 1022 1576 1066 luxuriantem
1603 1024 1706 1065 seri-

376 1102 462 1143 oris
490 1101 583 1143 aevi
611 1100 799 1143 indolem
829 1100 984 1143 eximia
1010 1114 1110 1143 cum
1148 1107 1368 1147 venustate
1407 1101 1585 1143 referret
1607 1108 1639 1153 2,
1665 1109 1707 1143 et

376 1180 411 1220 si
444 1168 570 1235 porro
598 1179 820 1220 statuimus
858 1178 1093 1220 Lucianum
1111 1211 1122 1230 ,
1156 1191 1294 1235 quum
1320 1177 1365 1220 in
1391 1178 1536 1234 priore
1572 1178 1707 1222 collo-

377 1257 481 1315 quio
514 1272 562 1299 ex
589 1256 958 1312 praestantissimis
996 1256 1242 1312 quibusque
1265 1256 1479 1301 artificum
1504 1258 1705 1313 operibus

377 1344 419 1378 et
459 1330 730 1377 nobilissimis
770 1335 983 1377 variarum
1026 1336 1231 1377 virtutum
1265 1335 1470 1391 exemplis
1515 1336 1705 1380 divinam

374 1413 605 1472 quamdam
642 1412 829 1469 speciem
868 1412 1074 1469 fingeret,
1108 1427 1289 1469 eamque
1326 1412 1449 1470 quasi
1483 1415 1705 1471 propriam

375 1493 507 1549 ipsius
535 1492 767 1548 imaginem
798 1492 835 1533 ei
864 1491 1102 1533 dedicatam
1128 1491 1173 1532 in
1198 1492 1351 1548 vulgus
1379 1491 1525 1534 ederet
1557 1502 1588 1543 ³,
1620 1508 1706 1535 non

372 1569 548 1627 quidem
589 1570 680 1611 sine
716 1583 812 1611 vera
854 1583 929 1611 sua
967 1568 1084 1610 illius
1119 1568 1404 1612 admiratione
1444 1569 1490 1611 id
1527 1570 1705 1622 fecisse,

371 1658 663 1693 verumtamen
697 1664 747 1691 eo
784 1648 910 1691 modo
955 1655 1004 1690 ut
1050 1646 1368 1703 compositionis
1395 1663 1498 1691 suae
1525 1649 1706 1691 formam

369 1736 500 1784 atque
528 1727 714 1769 colorem
747 1732 956 1782 quantum
986 1724 1166 1767 maxime
1190 1731 1331 1780 posset
1354 1724 1408 1768 ad
1438 1724 1556 1767 illius
1581 1725 1703 1781 judi-

369 1806 488 1848 cium
512 1804 823 1862 ingeniumque
855 1801 1114 1844 concinnare
1144 1799 1347 1843 studeret.

428 1885 567 1927 Nimia
596 1891 637 1926 et
666 1882 798 1925 effusa
823 1881 1011 1923 laudatio
1032 1879 1193 1935 justam
1215 1894 1407 1923 caussam
1438 1896 1525 1924 non
1550 1882 1698 1935 affert,

368 1973 416 2007 ut
464 1978 668 2022 negemus
707 1961 898 2019 potuisse
932 1959 1172 2002 Lucianum
1204 1959 1254 2001 ea
1282 1959 1511 2003 formosam
1548 1961 1701 2004 mulie-

367 2125 431 2156 τοῦ
466 2123 614 2169 Οὐὴρου
640 2135 695 2164 pro
713 2123 779 2155 τοῦ
814 2123 933 2169 κυρίου
947 2147 956 2165 ,
974 2125 1110 2164 profecta
1127 2136 1145 2157 e
1168 2126 1336 2157 collatione
1358 2125 1546 2156 scholiorum
1571 2126 1610 2156 ad
1628 2125 1703 2158 Luc.

370 2181 465 2221 Imag.
486 2192 513 2215 c.
543 2179 605 2220 10,
633 2186 663 2211 et
691 2180 752 2210 Pro
777 2179 874 2222 Imag.
894 2191 922 2214 e.
953 2180 991 2221 1,
1008 2182 1160 2221 ejusmodi
1184 2188 1252 2224 est,
1279 2188 1315 2213 ut
1344 2193 1413 2213 cum
1441 2181 1597 2213 Schultzio
1626 2181 1701 2225 (vid.

366 2238 490 2268 adnott.
508 2236 546 2267 ad
562 2235 603 2266 M.
621 2236 738 2268 Antan.
757 2237 838 2269 Edit.
855 2223 1002 2279 sterent.)
1029 2238 1159 2269 dixerim
1180 2248 1271 2278 prope
1288 2239 1376 2268 nefas
1394 2238 1492 2269 videri
1505 2238 1543 2268 de
1562 2248 1599 2268 ea
1614 2238 1704 2268 dubi-

368 2300 443 2325 tare.
469 2292 559 2324 conf.
579 2302 668 2332 porro
683 2292 788 2324 Lehm.
811 2293 882 2327 adn.
901 2293 940 2324 ad
957 2293 1053 2334 Imag.
1070 2294 1121 2325 tit.

412 2355 425 2378 ¹
452 2356 602 2387 Nimirum
631 2356 669 2387 ad
699 2362 817 2396 tempus
844 2356 981 2387 Parthici
1012 2357 1090 2388 belli
1113 2358 1271 2389 referenda
1289 2363 1375 2394 suut,
1403 2367 1465 2397 quo
1494 2356 1528 2387 L.
1547 2356 1647 2388 Verus
1668 2358 1700 2387 in

364 2412 489 2444 Oriente
508 2413 577 2443 fuit.

409 2477 425 2501 ²
452 2476 547 2517 Imag.
572 2488 600 2508 c.
627 2475 680 2508 16.
711 2476 874 2520 ποικίλην
892 2477 1030 2516 μέντοι,
1059 2477 1122 2509 καὶ
1144 2477 1370 2521 πολύμορφον
1389 2476 1471 2521 (τὴν
1489 2476 1700 2521 παιδείαν),

363 2531 434 2563 infr.
453 2531 494 2564 οὐ
516 2533 584 2577 γὰρ
609 2528 689 2566 ἔσθ’
719 2533 739 2564 ὅ
760 2546 796 2565 τι
813 2534 978 2566 τοιοῦτον
997 2533 1034 2566 ἐν
1052 2538 1128 2571 τοῖς
1141 2533 1255 2568 πάλαι
1270 2533 1442 2571 παιδείας
1465 2534 1546 2579 πέρι
1560 2547 1699 2577 μνημο-

363 2600 524 2621 uve-tao.
1222 2603 1224 2605 >

412 2654 426 2676 ³
452 2653 586 2685 Priorem
619 2654 733 2686 librum
763 2667 825 2687 non
852 2656 951 2697 ipsum
979 2668 1081 2688 noram
1109 2655 1238 2688 muliere
1262 2656 1424 2693 recitasse.
1444 2656 1497 2688 sed
1525 2656 1557 2688 in
1590 2658 1700 2696 vulgus

364 2710 513 2750 edidisse,
532 2710 598 2741 vid.
624 2710 719 2752 imag.
745 2724 772 2743 c.
791 2711 845 2743 23.
873 2713 933 2743 Pro
960 2713 1055 2754 Imag.
1084 2724 1112 2745 e.
1133 2711 1184 2744 12.
1210 2718 1241 2743 et
1258 2723 1286 2743 e.
1309 2711 1374 2753 14,
1406 2712 1465 2744 τὸν
1495 2711 1599 2754 λόγον
1624 2712 1697 2754 ἤδη

366 2764 639 2804 διαδεδομένον.
