2154 3500
1055 278 1109 319 62

410 407 649 457 sanissima,
678 421 761 464 qua
794 413 883 448 erat
908 415 1080 459 mente,
1117 421 1460 466 unamquamque
1489 409 1740 452 insolentem

409 490 483 525 aut
514 483 754 527 aflectatam
784 485 972 540 speciem
1006 484 1280 541 repudiabat,
1309 492 1351 527 et
1375 487 1663 542 ἀνθρώπινα,
1694 495 1743 530 ut

409 564 454 605 in
481 561 747 619 Lexipltane
768 562 903 614 dixit,
933 565 1101 607 volebat
1126 569 1300 621 φρονεῖν
1330 567 1403 607 καὶ
1427 565 1570 618 λέγειν
1597 569 1626 610 ¹.
1670 567 1743 609 Di-

409 643 587 700 {igentia
615 650 759 685 autem
776 676 789 695 ,
819 658 906 702 qua
933 658 1105 701 asperae
1122 644 1211 686 viae
1237 651 1492 700 praeceptor
1511 644 1743 702 discipulos

408 737 504 764 suos
525 722 653 776 jubet
680 723 815 765 veluti
836 737 914 778 per
944 731 1162 765 extentum
1187 723 1335 765 funem
1365 713 1643 781 antiquorum
1674 739 1743 767 ve-

408 799 532 855 stigia
573 799 723 856 sequi,
768 813 855 840 non
892 800 1062 850 servili,
1089 799 1162 841 sed
1199 813 1347 841 severo
1379 806 1421 841 et
1463 807 1668 842 accurato
1702 808 1744 843 et

409 876 683 934 per-vulgatos
724 876 769 918 in
810 884 1039 935 utramque
1082 884 1245 934 partem
1275 892 1439 920 errores
1472 884 1598 921 caute
1625 877 1742 921 devi-

411 954 516 995 tanti
548 955 827 1011 antiquorum
857 954 997 995 studio
1028 954 1239 997 censenda
1269 962 1343 997 est.
1387 956 1506 998 Hanc
1542 956 1671 997 unice
1701 969 1745 998 se

416 1033 598 1087 probare
634 1033 800 1087 saepius
832 1033 1044 1074 Lucianus
1065 1032 1159 1075 aliis
1191 1033 1296 1075 locis
1316 1035 1491 1076 testatus
1519 1041 1595 1076 est.
1628 1034 1742 1086 Jam,

407 1112 443 1153 si
482 1111 796 1154 adolescentiae
831 1125 933 1153 suae
964 1111 1216 1154 consilia-in
1243 1110 1429 1155 Somnio
1461 1126 1511 1154 ex
1546 1127 1643 1154 vero
1668 1111 1746 1155 de-

410 1191 602 1247 scripsit,
645 1203 696 1232 eo
733 1197 952 1245 tempore,
995 1205 1081 1248 quo
1122 1191 1308 1247 primum
1350 1192 1396 1233 in
1434 1191 1568 1234 literis
1614 1191 1742 1234 vitam

408 1283 537 1326 agere
594 1267 814 1308 constituit
868 1267 1068 1323 antiquos
1123 1268 1341 1325 cogitavit.
1388 1268 1453 1310 Ita
1488 1267 1601 1309 enim
1644 1280 1742 1309 eum

412 1346 607 1389 Eruditio
639 1346 827 1388 allocuta
851 1352 935 1387 est:
958 1349 1130 1402 πρῶτον
1163 1348 1244 1401 μέν
1277 1363 1342 1390 σοι
1371 1346 1513 1389 πολλὰ
1543 1347 1744 1397 ἐπιδείξω

413 1423 615 1468 παλαιῶν
659 1424 833 1479 ἀνδρῶν
879 1424 984 1478 ἔργα
1028 1425 1102 1465 καὶ
1144 1424 1320 1480 πράξεις
1368 1426 1629 1478 θαυμαστὰς
1669 1426 1745 1467 καὶ

414 1501 568 1554 λόγους
594 1502 741 1543 αὐτῶν
772 1499 1110 1552 ἀπαγγέλλουσα
1127 1500 1159 1543 ².
1192 1501 1244 1542 Et
1266 1501 1432 1558 quoties
1451 1508 1595 1556 postea
1611 1501 1742 1543 bona-

416 1594 512 1621 rum
547 1579 770 1620 literarum
808 1592 1001 1620 caussam
1036 1577 1236 1620 adversus
1275 1579 1476 1637 aequales
1519 1586 1741 1631 tueretur3

414 1657 587 1698 illarum
618 1655 879 1711 praesidium
918 1655 963 1695 in
1000 1655 1277 1713 antiquorum
1308 1655 1450 1697 studio
1484 1656 1639 1711 posuit.
1661 1654 1744 1698 Le-

413 1725 616 1790 oeipkarii
653 1732 909 1788 sophisticae
944 1732 1083 1774 laudis
1121 1734 1330 1788 captatori
1374 1740 1525 1774 auctor
1567 1741 1654 1784 est,
1696 1741 1745 1774 ut

414 1812 592 1854 sanioris
634 1810 808 1853 rationis
843 1810 1015 1852 initium
1049 1809 1179 1852 faciat
1210 1810 1264 1852 ab
1292 1811 1461 1866 optimis
1497 1810 1634 1866 poetis
1664 1810 1743 1852 sub

413 1889 617 1948 magistro
635 1887 843 1947 legendiS,
861 1887 1063 1945 deinceps
1078 1887 1133 1930 ad
1152 1895 1338 1931 oratores
1356 1895 1559 1942 transeat,
1573 1902 1742 1931 eorum-

413 1984 500 2028 que
529 1969 718 2011 oratione
743 1968 928 2009 nutritus
953 1966 1007 2009 ad
1023 1966 1284 2025 Thucydidis
1309 1974 1350 2009 et
1373 1968 1558 2010 Platonis
1587 1969 1743 2025 scripta

413 2047 606 2098 accedat,
630 2048 902 2103 multumque
929 2053 1148 2101 praeterea
1166 2048 1211 2088 in
1229 2047 1408 2089 Comicis
1432 2054 1474 2088 et
1490 2047 1680 2103 Tragicis
1697 2062 1742 2088 se

414 2132 624 2170 exerceat.
650 2125 761 2167 Ante
782 2125 923 2167 omnia
943 2139 1067 2176 vero,
1096 2125 1258 2183 inquit,
1276 2123 1358 2167 hoc
1381 2124 1486 2166 mihi
1512 2132 1741 2176 memento,

416 2221 471 2248 ne
505 2204 681 2247 imiteris
723 2201 1031 2258 sophistarum,
1060 2202 1134 2259 qui
1170 2202 1315 2258 paullo
1347 2209 1445 2244 ante
1481 2217 1556 2245 nos
1588 2203 1739 2254 fuere,

413 2283 620 2342 pessima,
653 2295 795 2338 neque
823 2294 875 2321 ex
906 2279 991 2320 illis
1014 2279 1188 2322 libando
1211 2288 1253 2322 te
1284 2281 1469 2334 nutrias,
1495 2281 1561 2323 uti
1593 2296 1737 2334 nunc;

415 2379 560 2405 verum
589 2368 756 2417 oportet
776 2358 876 2401 talia
894 2361 1163 2412 conculcare,
1186 2361 1377 2416 exempla
1406 2369 1548 2403 autem
1565 2362 1741 2417 antiqua

411 2439 643 2492 aemulari,
674 2437 832 2495 ζηλοῦν
858 2438 903 2482 δὲ
935 2441 989 2482 τὰ
1026 2439 1186 2497 ἀρχαῖα
1213 2441 1300 2484 τῶν
1337 2440 1699 2498 παραδειγμάτων
1711 2439 1740 2482 ³.

452 2599 465 2622 ¹
492 2600 620 2638 Iaexiph.
649 2610 676 2629 ο.
703 2596 765 2633 20;
806 2598 893 2628 conf.
923 2597 1035 2637 Quom.
1062 2597 1140 2627 nist.
1173 2597 1295 2626 Conscr.
1325 2608 1352 2628 e.
1382 2597 1469 2626 44-
1496 2594 1540 2633 ὦς
1567 2594 1631 2635 μὲν
1657 2596 1740 2631 τοὺς

408 2652 561 2690 πολλοὺς
586 2656 761 2691 συνεῖναι,
780 2651 866 2688 τοὺς
895 2648 936 2682 δὲ
960 2649 1269 2690 πεπαιδευμένους
1291 2649 1481 2684 ἐπαινέσαι.

455 2712 469 2729 2
496 2713 600 2739 Somn.
623 2722 649 2739 c.
675 2710 728 2739 10.

455 2764 470 2788 3
502 2764 624 2806 [υιὶῃῆ.
643 2776 670 2795 (τ.
690 2762 733 2795 22
750 2789 757 2803 ,
778 2761 830 2795 23.
