2154 3500
1001 250 1054 292 43

426 379 873 424 Animadvertentihus
914 393 1013 422 vero
1056 378 1189 434 ipsam
1246 377 1487 436 argumenti
1526 383 1694 433 pertra-

365 459 622 511 ctationem,
655 472 765 516 quae
795 458 969 501 omnino
991 458 1175 517 refertur
1199 457 1253 499 ad
1285 471 1384 499 eum
1419 457 1578 498 liberae
1612 461 1695 498 rei-

364 537 566 594 publicae
585 545 759 589 statum,
790 537 915 593 cujus
943 537 1183 579 recentiora
1211 545 1404 593 tempora
1429 534 1539 578 nihil
1564 535 1692 591 quid·

363 629 492 673 quam
510 623 677 673 praeter
697 614 893 660 umbram
918 614 1184 672 reliquerant
1198 646 1211 672 ,
1233 629 1368 675 quum
1397 613 1518 657 nulla
1540 612 1694 655 horum

366 695 650 737 recentiorum
690 703 935 751 temporum
979 706 1078 735 cum
1114 700 1254 735 vetere
1290 694 1489 735 libertate
1521 706 1695 747 compa—

366 773 472 815 ratio
484 774 745 825 instituatur,
761 772 1127 828 cernentibusque
1142 779 1279 813 totum
1295 770 1492 814 habitum
1508 771 1694 827 dialogi,

364 850 407 893 in
453 866 540 909 quo
580 850 818 895 rhetoricus
859 849 1036 909 quidam
1083 855 1257 893 ornatus
1297 863 1382 893 non
1422 856 1562 906 potest
1608 863 1694 892 non

364 928 539 987 agnosci
562 927 597 984 ¹,
630 928 798 987 liquere
845 927 969 970 nobis
1010 926 1203 979 videtur,
1249 926 1512 977 Lucianum,
1562 926 1608 966 in
1645 939 1694 966 eo

362 1007 619 1062 scribendo,
652 1008 730 1048 etsi
760 1008 1000 1063 peculiari,
1035 1007 1542 1063 quam memoravimus,
1572 1020 1695 1047 usum

363 1093 601 1142 temporum
644 1086 989 1143 opportunitate,
1022 1092 1165 1129 tamen
1203 1084 1371 1128 nonita
1404 1083 1613 1142 cogitasse
1642 1083 1696 1125 de

362 1179 436 1207 sua
472 1172 609 1207 aetate
647 1165 901 1223 corrigenda
939 1171 1014 1207 aut
1039 1165 1091 1207 ad
1118 1164 1338 1220 antiquam
1380 1164 1588 1206 rationem
1626 1162 1695 1204 in—

362 1242 607 1295 staur-and&
645 1243 718 1286 sed
752 1243 894 1300 potius
931 1240 1198 1300 antiquitatis
1240 1242 1385 1284 locum
1428 1242 1691 1290 illustrasse,

361 1320 406 1362 in
446 1335 533 1376 quo
565 1321 707 1364 animo
735 1329 777 1364 et
808 1329 950 1365 mente
992 1321 1178 1365 libenter
1210 1320 1510 1365 immoraretur
1529 1354 1540 1373 ‚
1572 1327 1614 1363 et
1647 1320 1692 1362 in

362 1414 449 1455 quo
482 1399 734 1443 illustrando
754 1400 845 1455 jam
871 1401 1094 1457 proprium
1118 1399 1354 1444 studiorum
1365 1400 1555 1443 fructum
1568 1398 1696 1442 audi-

363 1478 527 1521 toribus
551 1487 593 1521 et
619 1479 851 1522 lectoribus
883 1487 1023 1535 posset
1047 1477 1284 1521 ostendere.
1307 1478 1494 1535 Reliqua
1515 1477 1694 1520 Luciani

362 1556 520 1614 scripta
540 1556 637 1599 satis
652 1556 894 1615 improbant
916 1556 1162 1613 opinionem
1181 1571 1330 1600 eorum
1346 1590 1357 1610 ,
1384 1556 1462 1615 qui
1485 1564 1691 1609 statuant,

362 1649 460 1676 eum
496 1636 668 1677 omnino
695 1636 739 1676 id
780 1636 941 1692 egisse,
981 1643 1029 1676 ut
1057 1635 1172 1690 apud
1200 1636 1445 1693 aequalium
1470 1635 1693 1676 hominum

361 1728 495 1769 genus
533 1711 772 1767 juventutis
816 1712 1113 1756 educationem
1147 1721 1189 1756 et
1220 1713 1531 1756 institutionem
1559 1713 1694 1756 infor-

359 1795 520 1843 maret3
569 1789 732 1848 quique
759 1789 1022 1847 peculiarem
1053 1803 1226 1847 operam
1254 1789 1351 1834 ideo
1378 1804 1476 1834 eum
1500 1791 1694 1848 posuisse

358 1874 510 1922 putent
553 1868 599 1909 in
637 1869 824 1925 antiquis
863 1869 1136 1931 gymnasticis
1171 1870 1546 1911 exercitationibus
1587 1884 1689 1910 suae

357 1945 486 1988 aetati
518 1945 866 1989 commendandis
885 1949 916 1990 ².

420 2101 734 2146 Demosthenis
771 2103 1043 2146 Emoniia-m
1058 2104 1161 2160 jure
1177 2119 1202 2146 a
1218 2105 1443 2148 scholiasta
1473 2114 1515 2148 et
1544 2107 1694 2162 pleris-

359 2198 444 2240 que
490 2183 780 2226 recentiorum
831 2183 1116 2239 interpretum
1168 2185 1357 2227 Luciano
1397 2184 1689 2240 abjudicatum

358 2269 556 2316 putamus
589 2272 621 2305 ³.
654 2262 699 2304 Si
726 2276 805 2317 pro
834 2262 967 2304 nostri
996 2277 1125 2318 opere
1153 2262 1388 2315 habeatur,
1419 2263 1690 2306 referendum

405 2398 417 2420 1
442 2400 511 2429 Jam
532 2399 632 2438 Pauly
650 2399 682 2428 in
702 2399 823 2440 Proleg.
841 2401 905 2430 suis
925 2401 948 2431 l.
970 2402 995 2431 l.
1016 2412 1047 2440 p.
1069 2401 1200 2442 XXIII,
1232 2408 1379 2441 «propter
1404 2402 1511 2441 locos,
1536 2402 1590 2441 qui
1621 2402 1695 2433 rhe-

358 2453 433 2485 toris
443 2454 665 2495 quodammodo
674 2454 795 2486 scholas
805 2454 924 2495 sapiant
931 2476 940 2492 ,
949 2456 1128 2497 opusculum
1140 2457 1291 2499 prioribus
1302 2455 1433 2488 auctoris
1443 2456 1560 2488 libellis
1570 2457 1670 2496 potius
1680 2479 1688 2491 ,

362 2521 453 2548 quam
472 2512 638 2542 serios-ibus
655 2512 874 2549 accensendum
887 2524 904 2542 ιο
921 2519 1019 2552 putat.

405 2572 419 2589 2
454 2565 543 2597 conf.
563 2566 670 2598 adnot.
689 2567 786 2598 altera
805 2568 843 2599 ad
863 2567 954 2600 finem
972 2568 1209 2600 dissertationis.

401 2619 416 2638 ·”
451 2622 554 2653 schol.
573 2623 612 2654 ad
627 2623 712 2655 titul.
730 2624 803 2655 libr.
825 2624 958 2665 Interpr.
975 2632 1092 2665 praeter
1106 2637 1243 2658 recensos
1254 2626 1334 2667 apud
1344 2626 1564 2666 lthannum,
1576 2626 1611 2670 '1'⁸⁴
1624 2626 1638 2656 1
1642 2626 1666 2656 X
1678 2650 1686 2665 ‚

362 2689 391 2718 p.
410 2676 493 2715 429,
513 2688 564 2719 sq3
578 2677 741 2711 schulzeit.
765 2678 849 2714 1831
862 2703 870 2716 .
900 2680 994 2713 Abth.
1013 2680 1066 2722 11,
1089 2681 1120 2714 S.
1141 2680 1227 2726 596,
1247 2681 1337 2715 etiam
1357 2681 1479 2716 schfill.
1498 2683 1609 2715 Gesch.
1635 2684 1688 2714 der

359 2737 412 2766 (ir.
434 2735 507 2767 Litt.
527 2735 583 2766 Bd.
612 2734 665 2774 II,
692 2735 723 2767 S.
747 2734 830 2772 ‘1925
859 2736 999 2769 nunkius
1019 2739 1098 2771 Poll.
1120 2744 1149 2770 et
1167 2738 1292 2771 Lucisn.
1316 2751 1347 2780 p.
1368 2738 1430 2773 23:
1455 2741 1511 2771 w.
1532 2740 1569 2770 H.
1591 2742 1686 2770 (ii-:m-
