2154 3500
977 283 1031 323 65

338 410 503 460 venire,
541 422 668 467 quam
706 406 917 460 nonnulli,
951 407 1238 460 metu-estus,
1274 407 1501 457 Aristide-³,
1541 414 1658 449 certe

336 488 472 543 magis
493 486 657 544 ingenii
689 496 729 530 et
762 488 1032 544 eloquentiae
1054 488 1324 543 praestantia,
1342 502 1471 544 quam
1506 488 1659 529 descri-

337 566 419 622 ptis
462 581 487 608 a
533 573 677 608 nostro
720 565 913 609 artificiis
954 565 1097 620 adepti
1131 574 1252 619 snnt;
1296 566 1397 617 sed,
1448 573 1494 628 ut
1526 566 1660 608 solent

339 658 534 700 perversa
577 643 799 688 hominum
837 643 1005 699 judicia
1048 643 1093 685 in
1135 658 1184 686 eo
1223 645 1459 687 studiorum
1506 658 1661 699 genere

340 721 522 765 maxime
554 722 785 778 conspicua
817 735 934 769 esse,
969 720 1085 777 quod
1118 721 1193 773 ea,
1227 737 1311 780 qua
1333 723 1503 775 vivunt,
1523 729 1660 766 aetate

341 815 441 857 prae
472 800 651 843 caeteris
681 799 950 852 dominatur,
982 800 1041 843 ita
1071 799 1282 845 Lucianus
1312 817 1392 843 usu
1423 810 1464 844 et
1496 801 1587 858 ipse
1621 817 1661 842 se

338 878 593 938 comperisse
635 877 847 933 ostendit,
887 876 1203 920 dominantibus
1232 878 1492 920 deteriorum
1520 879 1662 940 sophi-

340 962 499 997 starum
539 954 790 1006 lenociniis,
835 954 961 997 nimis
1002 963 1253 1012 corruptum
1294 956 1425 998 fuisse
1450 955 1663 1011 judicium

338 1049 437 1076 suae
468 1033 641 1090 aetatis,
674 1040 724 1075 ut
758 1035 867 1075 veris
898 1034 1062 1076 meritis
1089 1050 1190 1076 suus
1216 1035 1261 1076 in
1289 1034 1501 1078 rhetorica
1526 1035 1660 1077 honor

338 1119 565 1157 constaret.
601 1112 635 1156 E
659 1110 849 1157 Rhetor.
879 1111 1205 1170 Praeceptore,
1228 1114 1326 1157 satis
1353 1114 1634 1172 intelligimus
1651 1150 1661 1164 ‚

343 1190 549 1235 uomicam
587 1190 679 1246 ejus
720 1191 998 1248 petulantiam
1039 1192 1196 1244 fuisse,
1245 1192 1357 1235 ubit
1406 1195 1451 1236 in
1492 1195 1663 1251 proprio

344 1272 564 1314 literarum
599 1284 757 1329 genere
780 1269 871 1326 jam
913 1268 1192 1314 confirmatus
1225 1285 1324 1314 cum
1349 1270 1500 1314 festiva
1522 1272 1663 1329 impu-

342 1351 512 1392 dentiae
536 1349 678 1405 speeie
702 1349 835 1404 ipsam
860 1347 1133 1390 Rhetoricam
1151 1348 1318 1391 induxit
1330 1342 1662 1391 asseverantem:

341 1442 383 1469 se
432 1442 566 1470 unum
608 1426 870 1481 Lucianum,
910 1417 1068 1469 relictis
1102 1427 1280 1471 caeteris
1318 1428 1541 1478 omnibus,
1566 1429 1666 1471 ada-

345 1520 477 1547 masse
506 1512 547 1547 et
572 1505 657 1546 suis
685 1503 884 1546 laudibus
913 1519 1096 1547 ornasse.
1129 1505 1323 1562 Namque
1349 1505 1539 1547 mordaci
1559 1521 1665 1564 qua-

341 1583 438 1626 dam
493 1582 689 1639 propriae
739 1580 877 1624 laudis
910 1580 1292 1636 dissimulatione,
1343 1583 1469 1626 simul
1522 1591 1664 1627 autem

343 1662 563 1704 manifesto
610 1660 914 1717 indignationis
951 1660 1124 1711 indicio,
1164 1661 1210 1702 in
1249 1661 1399 1704 eodem
1426 1676 1554 1716 opere
1584 1664 1665 1703 ait:

345 1740 376 1782 si
410 1738 575 1789 videre,
610 1737 837 1795 plerosque
875 1737 967 1780 sine
989 1737 1136 1780 labore
1164 1729 1396 1793 majoribus
1428 1736 1664 1783 bonoribus

343 1816 560 1874 dignatos,
601 1812 787 1872 quadam
827 1812 1121 1872 eligendarum
1162 1813 1376 1858 rationum
1409 1815 1666 1876 viarumque

292 1910 294 1912 ¹
342 1894 546 1935 felicitate
572 1892 603 1932 ².
655 1891 773 1932 Unde
802 1892 847 1932 in
876 1891 962 1933 fine
995 1892 1188 1947 ejusdem
1216 1893 1352 1934 libelli
1374 1892 1464 1946 jam
1502 1890 1586 1936 non
1612 1895 1663 1937 ad

340 1987 472 2015 unum
497 1970 835 2021 adolescentem,
866 1969 940 2013 sed
964 1970 1018 2012 ad
1046 1971 1249 2027 aequales
1266 1970 1457 2013 rhetores
1473 1974 1663 2015 oratione

340 2049 565 2094 conversa:
618 2062 739 2106 «ego
782 2062 944 2101 νει-0,»
995 2048 1165 2107 inquit,
1215 2047 1427 2106 «ignarus
1473 2049 1586 2092 enim
1627 2060 1665 2091 ot

345 2127 553 2172 «timidus
582 2142 689 2178 sum,
715 2126 771 2169 de
786 2125 849 2169 via
873 2126 989 2170 vobis
1015 2126 1247 2178 decedam,
1270 2134 1313 2170 et
1341 2126 1531 2170 desinam
1555 2127 1667 2170 Rhe-

348 2206 562 2249 «torieam
592 2205 768 2257 sectari,
800 2204 903 2260 quia
935 2219 1019 2247 non
1044 2219 1216 2260 possum
1239 2203 1294 2245 ad
1326 2219 1420 2247 eam
1448 2205 1667 2247 vobiscum

347 2296 564 2339 «aequam
602 2290 764 2338 partem
791 2282 1002 2325 conferre.
1035 2282 1117 2326 Vel
1142 2281 1284 2338 potius
1314 2281 1405 2336 jam
1432 2282 1553 2325 desii.
1582 2284 1666 2325 Ita-

347 2375 464 2419 «que
502 2360 593 2403 sine
628 2360 806 2417 pulvere
849 2359 1157 2416 praedicandos
1187 2374 1257 2401 vos
1289 2366 1419 2416 atque
1451 2358 1669 2403 admiran—

346 2440 454 2481 «dos
494 2438 720 2494 praebete,
760 2438 868 2480 illud
898 2438 1034 2480 solum
1066 2437 1302 2486 recordati,
1341 2451 1421 2479 nee
1449 2437 1668 2479 celeritate.

345 2531 448 2558 «vos
486 2517 621 2558 vestra
658 2516 832 2568 vicisse,
867 2516 941 2572 qui
981 2514 1220 2558 velociores·
1236 2515 1419 2569 judicati
1451 2515 1565 2563 sim,
1600 2531 1667 2556 ve-

399 2692 404 2708 '
437 2692 487 2722 Bis
506 2691 612 2722 Accus-
633 2702 659 2721 e-
679 2690 734 2723 27.

396 2755 410 2777 ²
437 2756 525 2786 Rhet.
545 2757 646 2786 pram.
669 2768 693 2785 c.
717 2755 747 2787 8.
