2154 3500
1016 259 1067 298 45

381 398 580 439 spernere
604 398 646 423 sc
677 384 891 425 simularet
923 394 948 426 ¹.
983 386 1151 426 Justum
1181 392 1322 427 autem
1353 384 1525 426 modum
1554 386 1597 428 in
1627 385 1706 427 hoc

374 458 540 517 agendo
565 459 621 501 ita
651 461 855 512 excessit,
888 467 935 501 ut
974 461 1069 516 plus
1100 460 1276 503 dimidio
1296 461 1424 504 totius
1448 462 1587 518 operis
1602 461 1703 504 huic

376 536 612 593 prolusioni
649 538 905 581 insumserit.
951 538 1084 588 Tum,
1117 537 1404 597 Thersagorae
1444 553 1581 591 error,
1615 553 1702 595 quo

374 614 443 657 hic
472 622 639 671 praeter
655 616 896 669 Platonem,
930 615 1201 658 Aristotelem
1216 617 1369 668 etiam,
1392 602 1698 669 Xenocratem,

372 694 707 752 Theophrastum
737 694 1030 739 Demosthenis
1054 703 1351 752 praeceptores
1376 703 1570 740 numerat
1595 696 1625 748 ²,
1654 705 1698 738 ut

371 768 548 817 crassior
585 789 674 818 esse
718 774 908 826 videtur,
953 786 1081 833 quam
1122 781 1168 815 ut
1206 788 1230 814 a
1274 775 1462 817 Luciano
1491 776 1697 816 committi

371 854 583 907 potuerit,
620 854 677 894 ita
713 854 840 909 plane
874 868 959 895 uon
992 861 1131 908 potest
1165 869 1249 895 non
1289 854 1344 895 ab
1388 854 1479 909 ipso
1522 862 1698 896 auctore.

368 931 466 972 libri
496 932 741 973 commissus
768 932 947 973 censeri.
982 933 1032 972 In
1063 932 1196 972 altera
1218 932 1332 973 enim
1355 932 1455 973 libri
1481 932 1546 972 sui
1576 939 1696 987 parte

366 1017 407 1049 et
436 1008 735 1051 Aristotelem
768 1009 842 1051 ille
879 1008 1047 1051 induxit
1081 1006 1408 1051 Demosthenem
1435 1007 1693 1064 discipulum

366 1086 637 1137 laudantem,
679 1095 719 1128 et
743 1087 881 1142 ipsum
913 1086 1241 1129 Demosthenem
1275 1087 1320 1128 in
1351 1087 1575 1128 novissima
1604 1102 1689 1128 ora

365 1164 479 1205 tione
505 1162 774 1205 Xenocratis
788 1171 829 1205 et
847 1164 1032 1205 Platonis
1046 1163 1099 1205 de
1119 1164 1435 1205 immortalitate
1449 1177 1689 1205 sermonum

363 1242 654 1285 recordantem
679 1242 708 1285 ³.

422 1321 470 1362 In
501 1319 580 1361 hac
609 1320 741 1363 altera
772 1320 947 1376 quidem
981 1328 1131 1375 parte,
1177 1334 1288 1377 quae
1325 1335 1372 1363 ex
1406 1319 1690 1363 Macedonicis

361 1399 612 1453 deprompta
640 1398 953 1439 commentariis
994 1398 1196 1455 fingitur,
1243 1412 1461 1455 quamque
1503 1398 1685 1441 encomii

358 1477 599 1519 defensores
646 1490 724 1532 pro
768 1475 956 1518 Luciano
1005 1475 1255 1534 dignissima
1301 1475 1484 1528 habent,
1526 1476 1684 1518 Demo—

358 1554 517 1597 sthenis
544 1555 734 1598 excelsus
757 1555 802 1597 in
831 1553 1029 1612 gerendis
1064 1554 1251 1610 politicis
1280 1555 1410 1598 rebus
1446 1554 1613 1597 animus
1643 1562 1684 1598 et

358 1634 538 1676 infracta
567 1634 805 1677 constantia
832 1634 878 1676 in
898 1633 1096 1677 obeunda
1121 1641 1259 1677 morte
1282 1632 1504 1689 praeclare
1527 1632 1684 1676 descri-

358 1714 533 1756 buntur.
567 1713 728 1757 Verum
761 1712 940 1754 Luciani
973 1710 1044 1753 hic
1078 1725 1253 1768 quoque
1283 1710 1526 1753 desiderare
1558 1712 1681 1754 nobis

355 1793 546 1834 videmus
577 1792 850 1848 sapientiam,
884 1791 960 1832 ubi
990 1789 1171 1832 maxime
1195 1804 1245 1832 ea
1269 1804 1376 1845 opus
1401 1790 1508 1843 fuit;
1542 1805 1677 1848 quum

355 1872 399 1913 in
425 1870 525 1926 ipsis
552 1868 829 1925 caeteroquin
862 1867 1048 1927 egregiis
1083 1866 1377 1910 Demosthenis
1401 1868 1455 1911 ad
1476 1866 1676 1910 Archiam

353 1949 497 2002 dictis,
531 1948 665 1992 oratio
697 1946 842 2009 paullo
873 1954 968 2003 post
987 1945 1212 1989 exordium
1239 1945 1434 2005 adsurgit
1466 1946 1510 1989 in
1530 1946 1674 1990 decla-

399 2119 409 2142 ¹
437 2119 481 2151 Ex
499 2119 557 2151 hac
575 2120 741 2160 sophistica
759 2121 931 2162 scriptionis
951 2122 1067 2153 ratione
1084 2121 1253 2161 explicetur
1270 2143 1278 2161 ,
1296 2121 1376 2162 quod
1396 2121 1468 2160 alii,
1479 2127 1513 2152 ut
1525 2123 1680 2153 Gesnerus

350 2181 380 2206 et
399 2177 604 2216 wie-landus,
634 2178 769 2208 omnino
797 2164 996 2213 satiricum,
1026 2177 1101 2217 alii,
1131 2183 1164 2207 ut
1192 2176 1369 2217 schoenus,
1398 2178 1421 2209 1.
1439 2178 1589 2218 hplane
1613 2189 1678 2210 nou

350 2231 537 2261 satiricum
558 2241 623 2261 eam
647 2241 713 2262 esse
729 2231 982 2263 existimaverint.

392 2295 408 2313 2
434 2306 461 2329 c..
483 2293 536 2325 12.

393 2359 407 2378 ³
435 2369 462 2389 c.
480 2350 520 2388 41
541 2364 571 2388 et
589 2369 617 2389 c.
638 2358 693 2391 47.
721 2359 949 2390 Aristotelem
963 2382 971 2398 ‚
997 2360 1208 2391 Demosthenis
1227 2364 1447 2399 praeceptorem
1464 2358 1604 2390 inducere
1623 2369 1674 2397 per

344 2421 375 2441 se
395 2422 457 2442 non
480 2413 629 2453 ejusmodi
647 2420 692 2444 est
706 2437 715 2454 ,
732 2414 806 2454 quin
826 2414 925 2446 sciens
946 2414 1099 2446 Lucienus
1124 2414 1242 2446 fictioni
1264 2425 1336 2446 suae
1356 2414 1387 2445 id
1403 2413 1587 2445 concessisse
1608 2415 1672 2444 exi-

343 2467 460 2499 stimari
477 2470 572 2508 possit
597 2471 647 2511 (ut
672 2469 819 2502 hactenus
844 2477 924 2503 recte
944 2472 1051 2503 'WieL
1076 2470 1133 2502 Th.
1161 2471 1228 2514 VI,
1256 2470 1288 2502 S.
1307 2468 1404 2511 167);
1421 2476 1452 2500 et
1476 2469 1635 2500 memorati
1654 2481 1671 2499 a

345 2523 545 2555 Demosthene
561 2524 803 2571 Ξενοκράτους
828 2527 890 2559 καὶ
907 2524 1100 2564 Πλάτωνος
1119 2525 1211 2572 ὑπὲρ
1232 2526 1439 2563 ἀθανασίας
1462 2524 1590 2567 257⁰*
1617 2537 1668 2565 Ρθΐ

344 2589 374 2608 se
395 2578 526 2621 intelligi
546 2588 669 2620 possent
690 2583 825 2624 scripta
852 2583 892 2613 in
917 2584 1045 2626 vulqus·
1063 2582 1161 2614 edita
1180 2583 1378 2626 (quamquam
1395 2581 1440 2612 sic
1454 2581 1574 2621 quidem
1595 2582 1667 2612 lan-

342 2640 446 2675 gueret
468 2636 617 2667 sententia
645 2637 677 2668 in
703 2637 914 2670 Demosthenis
931 2639 1064 2682 verbis);
1088 2639 1141 2671 sed
1167 2649 1224 2670 nec
1250 2638 1403 2670 Lucium,
1426 2648 1483 2670 nec
1505 2639 1665 2680 quisquam

342 2689 421 2720 alius
437 2689 466 2720 id
491 2691 706 2722 commissums
733 2693 807 2732 fuit,
831 2699 865 2724 ut
889 2693 920 2725 in
940 2694 1044 2726 eodem
1074 2694 1204 2734 scripto,
1225 2693 1353 2733 primum
1379 2693 1422 2735 (c.
1444 2692 1513 2734 12.)
1531 2694 1664 2734 aliquem

342 2755 469 2776 errorem
487 2768 495 2784 ‚
511 2755 575 2785 pm·
592 2747 794 2778 irrisionem
810 2749 908 2779 alius
920 2771 927 2782 ,
941 2749 1082 2780 inductae
1093 2760 1238 2788 personae
1250 2750 1394 2781 tribueret
1406 2763 1413 2789 ς
1425 2750 1533 2781 deinde
1544 2751 1583 2792 (c.
1596 2752 1663 2790 41.)
