2154 3500
1021 283 1047 318 3

364 408 571 452 mundum
614 422 763 466 regere
800 409 947 450 voluit.
989 406 1163 448 Scilicet
1194 407 1349 447 artium
1386 405 1693 462 literarumque

363 487 557 542 exempla
603 487 656 528 ab
695 487 881 545 antiquis
920 483 1105 541 petenda
1137 498 1225 525 esse
1265 482 1394 533 vidit,
1435 497 1515 524 nee
1549 490 1692 525 tamen

365 572 575 607 mutatum
607 564 698 619 jam
742 580 887 607 rerum
922 564 1069 606 orbem
1099 562 1143 604 in
1182 561 1437 619 antiquitate
1466 560 1696 603 consistere

366 642 538 687 debere.
572 644 625 686 Et
647 644 738 699 ipse
768 650 907 686 tamen
932 656 1020 684 non
1049 639 1287 683 eruditione
1306 646 1472 682 tantum
1500 637 1697 696 antiquos

368 721 617 776 complexus
642 729 720 772 est,
742 720 814 763 sed
835 720 920 761 fuit
962 719 1135 776 ingenio
1159 732 1331 775 quoque
1354 724 1541 758 vetustae
1561 717 1698 759 Grae-

368 799 459 841 ciae
479 814 570 854 par.
604 798 733 853 Cujus
760 797 936 856 quidem
965 797 1058 841 laus
1083 796 1117 838 si
1140 802 1181 838 et
1208 793 1465 838 inveniendo
1498 802 1541 838 et
1567 794 1697 850 perfi-

367 875 519 919 ciendo
544 876 755 919 censenda
777 877 928 918 merito
956 883 1046 925 est,
1079 889 1181 917 ecce
1198 906 1208 925 ,
1234 873 1467 926 Lucienus,
1500 881 1587 916 tam
1607 888 1697 914 sera

366 960 529 1007 aetate,
574 961 691 996 tanto
725 967 869 996 rerum
913 960 955 995 et
997 967 1096 994 vero
1132 952 1407 1010 ingeniorum
1447 951 1696 1001 intervallo,

373 1032 470 1073 novi
498 1032 581 1073 fuit
605 1031 820 1073 scribendi
843 1032 1010 1092 generis
1041 1037 1207 1086 auctor,
1238 1037 1369 1087 atque
1390 1028 1599 1084 ejusmodi
1626 1044 1701 1086 ge—

373 1110 485 1150 neris
502 1142 513 1160 ,
547 1107 663 1166 quod
681 1108 735 1152 ad
752 1116 944 1152 veterum
972 1107 1275 1164 praestantiam
1294 1105 1535 1150 accederet.
1566 1106 1701 1151 Comi·

372 1198 472 1227 cum
502 1185 615 1228 enim
643 1175 880 1244 Dialogum
912 1186 1007 1244 quis
1030 1191 1130 1227 ante
1155 1185 1391 1227 Lucianum
1419 1184 1618 1240 scripsit?
1649 1184 1702 1225 Et

375 1273 517 1307 tamen
563 1272 722 1307 tantam
763 1266 926 1307 formae
977 1265 1205 1307 novitatem
1223 1297 1234 1314 ,
1280 1270 1442 1306 tantam
1485 1263 1701 1305 scribendi

378 1343 676 1399 praestantiam
714 1343 884 1394 videns,
916 1344 1011 1401 quis
1059 1358 1145 1386 non
1179 1342 1419 1394 Platonem,
1454 1341 1703 1399 Aristopha-

376 1434 494 1472 nem,
527 1420 866 1463 florentissimam
893 1421 1099 1463 Graeciae
1121 1427 1372 1462 vetustatem
1398 1419 1587 1477 cogitat?

438 1498 500 1541 De
538 1506 657 1541 tanto
698 1505 785 1540 tam
825 1499 1031 1555 singulari
1076 1498 1166 1540 viro
1206 1497 1393 1540 scribere
1433 1498 1624 1555 quamvis
1653 1499 1707 1540 sit

379 1577 579 1629 difficile,
613 1577 735 1619 nobis
774 1585 917 1619 tamen
954 1576 1195 1619 difficultati
1224 1591 1311 1619 non
1346 1576 1586 1619 cedendum
1619 1591 1710 1619 esse

378 1657 513 1698 visum
554 1662 643 1706 est,
675 1653 746 1697 sed
772 1654 1013 1711 periculum
1043 1654 1314 1707 faciendum,
1354 1662 1430 1708 ut,
1450 1655 1601 1714 ‘qualis
1634 1655 1711 1698 ille

380 1734 536 1784 fuerit,
569 1731 674 1790 quid
716 1732 920 1783 voluerit,
953 1732 1056 1789 quid
1084 1733 1295 1784 noluerit,
1327 1734 1709 1790 investigaremus,

382 1810 560 1866 ejusque
588 1809 810 1866 ingenium
834 1816 1091 1852 notaremus,
1117 1810 1254 1867 quue
1272 1825 1322 1852 eo
1337 1811 1486 1867 magis,
1504 1812 1709 1869 quoniam

381 1886 636 1931 incredibile
659 1885 779 1929 dictu
801 1894 884 1936 est,
914 1902 1042 1945 quam
1059 1886 1225 1930 diversa
1248 1887 1301 1930 de
1329 1903 1379 1931 eo
1404 1888 1566 1931 fuerint
1592 1889 1707 1931 omni

381 1981 484 2009 aevo
510 1964 732 2008 doctorum
748 1965 934 2008 virorum
947 1966 1126 2022 judicia.
1168 1966 1253 2021 Qui
1266 1967 1358 2010 aliis
1373 1968 1486 2010 visus
1500 1968 1715 2024 estimpu-

384 2057 455 2085 rus
476 2050 712 2086 contemtor
733 2043 909 2086 deorum
924 2077 935 2096 ,
957 2044 1140 2088 eundem
1159 2045 1233 2088 alii
1248 2045 1468 2102 probitatis
1487 2053 1709 2089 auctorem

382 2122 684 2164 nominarunt:
719 2137 848 2180 quem
888 2124 1085 2165 nonnulli
1133 2132 1339 2180 putarunt
1377 2125 1519 2166 omnia
1541 2110 1710 2165 sursum

385 2200 611 2252 deorsum,
659 2215 770 2258 quae
810 2199 951 2258 adhuc
984 2202 1240 2254 manebant,
1285 2202 1457 2245 diruere
1499 2202 1709 2248 voluisse.

385 2278 502 2321 hunc
525 2278 703 2336 antiqua
724 2279 863 2322 studia
877 2313 889 2331 ,
922 2288 1131 2338 quantum
1153 2281 1247 2323 fieri
1270 2288 1434 2336 posset,
1464 2294 1714 2323 conservare

382 2364 425 2399 et
449 2357 705 2401 labefactata
733 2358 972 2401 instaurare
999 2366 1201 2401 conatum
1220 2374 1308 2402 esse
1325 2359 1397 2402 alii
1422 2357 1710 2402 crediderunt.

381 2435 468 2478 Sed
497 2436 683 2478 diversas
711 2435 765 2478 de
794 2436 981 2480 Luciano
1010 2438 1236 2480 sententias
1266 2437 1353 2492 jam
1378 2437 1423 2479 in
1454 2436 1537 2479 hoc
1562 2442 1716 2492 prooe-

385 2513 469 2554 mio
486 2527 707 2556 recensere
730 2521 906 2570 propter
928 2514 1109 2557 aliorum
1130 2530 1301 2572 operam
1319 2530 1404 2558 non
1428 2516 1714 2558 necessarium

392 2598 455 2632 est
484 2591 515 2634 ¹.
564 2592 655 2648 Ego
693 2606 822 2650 vero,
868 2607 1129 2651 quamquam
1171 2593 1385 2636 tenuitatis
1421 2607 1541 2635 meae
1580 2593 1713 2649 probe

433 2759 443 2776 ¹
474 2753 542 2794 Egit
563 2753 595 2785 id
613 2753 646 2785 C.
668 2754 706 2785 G.
731 2754 826 2786 Jacob
843 2780 852 2796 ,
877 2755 967 2787 initio
991 2757 1133 2791 Chai-aet,
1160 2759 1207 2789 sui
1233 2758 1303 2789 Luc.
1330 2758 1485 2799 limburg
1503 2757 1598 2791 1832.
