2154 3500
406 513 488 541 nec
504 501 658 540 tamen
687 500 767 537 aut
800 494 931 537 illius
960 494 1229 536 memoriam
1248 491 1459 535 deseram
1478 526 1489 544 ,
1511 501 1592 539 aut
1620 494 1742 538 ill-ud

412 582 663 626 literarum
703 580 1037 640 honestatisque
1066 577 1266 623 studium
1282 611 1291 627 ,
1326 577 1392 621 ad
1421 580 1543 641 quod
1572 581 1627 624 ab
1657 580 1738 625 illo

412 670 693 731 infirm-atus
718 681 831 710 sum.

489 755 615 798 Hunc
634 748 703 796 Ta
716 750 926 802 amabas,
957 747 1231 797 clarissime
1257 759 1369 794 VAN
1391 744 1740 799 GOUDOEVER‚

414 838 552 899 lmy‘us
591 853 681 881 mon
714 841 888 881 tantum
936 836 1147 882 alumnus
1189 841 1233 880 et
1270 837 1418 880 socius
1443 834 1565 879 idem
1600 851 1708 880 eras
1726 870 1736 887 ,

415 941 575 970 verum
620 927 670 969 in
714 922 1050 985 discipulorum
1096 924 1236 968 etiam
1281 936 1438 965 amore
1470 936 1626 966 eomes.
1679 920 1740 966 In

413 1017 562 1055 morte
610 1027 780 1072 quoque
822 1008 954 1054 illius
977 1008 1188 1071 ferenda
1227 1004 1329 1052 Tua
1358 1006 1512 1051 virtus
1539 1007 1707 1051 enituit
1724 1024 1739 1058 ,·

411 1111 519 1141 nam
553 1097 633 1157 qui
664 1094 813 1139 luctus
846 1090 956 1138 Tibi
984 1093 1284 1155 injiciebatur
1305 1127 1316 1145 ,
1338 1091 1529 1139 eundem
1550 1092 1601 1136 in
1626 1089 1737 1136 aliis

410 1181 633 1241 mitiqare
663 1178 889 1224 studebas.
931 1177 1166 1242 Equidem
1182 1195 1291 1224 sane
1307 1185 1438 1225 tanta
1459 1177 1569 1225 Tibi
1584 1178 1736 1229 debeo,

408 1271 459 1310 ut
487 1267 630 1310 nolim
641 1265 842 1327 frustra
870 1267 923 1309 in
951 1266 1219 1311 disserendo
1234 1268 1426 1329 operam
1450 1281 1739 1310 consumere:

409 1350 532 1393 nosti
579 1349 786 1393 animum
831 1364 1005 1403 meum,
1052 1365 1136 1413 eyo
1176 1365 1289 1396 vero
1329 1365 1500 1414 quoque
1532 1351 1667 1399 novi.
1696 1354 1740 1393 et

410 1434 622 1496 intelligo
645 1468 655 1485 ,
677 1451 773 1497 per
808 1438 952 1479 totam
980 1438 1148 1487 vitam,
1196 1452 1471 1499 quamquam
1500 1451 1589 1479 mm
1625 1432 1739 1479 Tuis

409 1520 594 1564 meritis
617 1535 789 1581 parem
805 1551 816 1568 ‚
848 1524 998 1565 tamen
1026 1523 1352 1583 gratissimum
1376 1522 1495 1580 fore.

479 1602 692 1666 Reliquis
742 1620 912 1667 quoque
966 1603 1361 1670 Praeceptoribus
1394 1622 1493 1669 pro
1541 1608 1736 1669 egregia

411 1692 698 1736 institutione
730 1691 964 1735 maximas
999 1694 1193 1754 gratias
1224 1707 1314 1754 ago
1332 1709 1345 1735 .·
1387 1690 1600 1736 Vestram
1626 1705 1736 1735 vero

409 1782 563 1821 tacere
575 1791 662 1819 non
668 1790 862 1837 possum
879 1775 1234 1831 humanitatem,
1254 1775 1526 1822 Clarissimi
1538 1775 1733 1821 Sclaroe-

408 1861 495 1905 (ter
519 1865 563 1905 et
595 1858 881 1921 Royaards!
921 1859 1013 1921 Qui
1045 1861 1262 1906 doctrina
1290 1866 1333 1905 et
1350 1860 1583 1906 voluntate
1599 1874 1734 1921 egre-

400 1946 480 2006 yie
497 1944 619 1989 milti
634 1945 892 2005 profuistis
902 1962 919 1996 ‚·
934 1947 1106 1990 merita
1124 1951 1279 1990 vestra
1296 1962 1386 1990 non
1402 1944 1666 1989 obliviscar.

482 2027 878 2076 commilitonibus
890 2065 900 2082 ,
917 2031 1181 2093 quibuscum
1197 2031 1350 2077 adhuc
1367 2031 1734 2093 conjunctissime

408 2115 513 2160 vixi
529 2148 539 2166 ,
573 2116 844 2178 contingant
875 2117 1064 2178 quaevis
1097 2118 1274 2178 optima
1291 2148 1302 2167 ,
1342 2119 1613 2175 maneatque
1641 2113 1728 2156 illa

407 2217 524 2262 quae
559 2203 659 2244 vita
692 2201 826 2245 habet
867 2205 1075 2247 mageima
1115 2208 1159 2247 et
1192 2205 1438 2247 verissima
1467 2202 1719 2263 praesidia

406 2288 667 2330 animorum
698 2289 967 2348 conjunctio.
