2154 3500
1053 297 1108 338 20

421 428 628 479 audacia,
658 427 869 479 clamore3
902 428 1168 484 eaeterisque
1187 461 1198 480 ‚
1231 442 1255 470 a
1284 427 1442 485 quibus
1466 444 1510 472 se
1540 428 1745 486 refugisse

422 512 597 547 testatur
610 536 621 555 ‚
647 503 949 557 incommodis,
970 504 1242 559 conjunctam
1268 504 1349 559 ipsi
1367 504 1498 547 visam
1515 520 1603 548 esse
1622 506 1747 548 etiam

419 583 518 624 data
533 583 661 638 oper&
673 583 718 623 in
733 580 989 623 Rhetorum
998 575 1297 638 Praeceptore
1312 582 1496 624 ostendit
1507 583 1537 625 ¹.
1553 584 1750 639 Denique

419 675 513 704 eam
533 675 619 703 non
640 675 664 703 a
688 658 850 715 juvene
870 660 1035 716 potius,
1064 660 1134 703 sed
1154 693 1165 713 ‚
1188 666 1236 702 ut
1259 659 1304 702 in
1319 658 1406 702 Bis
1418 657 1580 704 Aecus.
1602 666 1617 691 ²
1638 659 1751 703 affir-

420 746 508 781 mat
523 771 534 791 ,
563 753 702 794 paene
725 738 1067 798 quadragenario
1094 738 1286 781 relictam
1308 753 1398 780 esse
1413 738 1654 796 appesst,ex
1678 754 1749 789 eo,

422 816 538 873 quod
554 817 696 859 statim
712 817 935 875 subiungit
955 833 964 859 ε
992 834 1034 860 se
1060 825 1222 874 optasse
1246 820 1404 861 ὁπόσον
1421 819 1485 860 ἔτι
1500 803 1655 861 λοὶἇτὸν
1677 823 1750 860 τοῦ

422 896 522 951 βίου
546 899 561 920 ³
586 882 664 937 sub
678 894 979 951 philosophiae
999 897 1131 938 tutela
1150 896 1290 937 vivere
1307 912 1317 948 ;
1334 903 1482 951 utpote
1499 910 1610 951 quae
1627 896 1752 938 verba

424 979 522 1012 sunt
549 970 761 1027 hominis,
796 973 873 1028 qui
904 974 1056 1015 honam
1078 972 1224 1015 aetatis
1255 979 1421 1027 partem
1446 971 1535 1025 jam
1556 980 1752 1028 praeter—

423 1047 521 1089 iisse
548 1048 715 1091 sentiat.

1017 1212 1155 1219 -.———.

488 1348 696 1405 Spectatis
728 1345 905 1388 Luciani
930 1345 1060 1397 locis,
1092 1345 1137 1386 in
1175 1358 1350 1386 censum
1376 1345 1498 1386 nohis
1526 1345 1664 1387 veniat
1692 1353 1756 1387 te-

426 1426 670 1468 stimonium
701 1423 873 1466 Suidae.
918 1423 997 1464 Hic
1025 1429 1271 1479 postquam,
1308 1422 1528 1478 exquisitis
1554 1422 1758 1465 conviciis

432 1502 725 1553 cumulatum,
749 1500 987 1542 Lucianum
1019 1499 1063 1540 in
1084 1498 1253 1553 Trajani
1283 1506 1472 1554 tempora
1489 1498 1667 1551 detulit,
1696 1501 1757 1541 sic

432 1595 560 1634 porro
589 1579 708 1620 dicit:
740 1576 794 1631 ἦν
830 1579 876 1620 δὲ
906 1569 1029 1625 οὗτος
1057 1580 1104 1619 τὸ
1140 1580 1242 1633 πρὶν
1270 1579 1493 1633 δικηγόρος
1521 1581 1566 1621 ἐν
1597 1578 1759 1621 Ἀντι-

432 1657 553 1715 οχείᾳ
584 1660 658 1711 τῆς
697 1656 895 1712 Συρίας,
941 1654 1243 1712 δυσπραγήσας
1281 1655 1327 1699 δὲ
1370 1658 1416 1700 ἐν
1451 1658 1588 1714 τούτῳ
1614 1657 1683 1699 ἐπὶ
1711 1658 1758 1699 τὸ

432 1734 718 1788 λογογραφεῖν
768 1735 958 1787 ἐτράπη,
1015 1733 1088 1772 καὶ
1129 1732 1372 1787 γέγραπται
1421 1734 1538 1788 αὐτῷ
1583 1736 1758 1788 ἄπειρα.

430 1809 556 1863 Quod
604 1808 780 1865 quidem
822 1806 1141 1858 testimonium,
1187 1806 1263 1862 qui
1308 1820 1387 1861 pro
1433 1822 1530 1849 vero
1576 1808 1759 1863 amplexi

430 1894 553 1938 sunt,
608 1887 665 1928 ita
710 1899 810 1927 cum
854 1884 1076 1927 Lucianeis
1115 1898 1370 1939 componere
1404 1885 1683 1937 studuerunt,
1712 1894 1761 1927 ut

430 1972 666 2008 statuerent
683 1997 694 2016 ,
721 1965 820 2006 eur'n
844 1964 1031 2019 primum
1063 1961 1315 2005 Antiochiae
1341 1963 1623 2007 caussidicum
1650 1966 1761 2007 fuis-

431 2058 499 2094 se,
530 2041 686 2084 deinde
702 2041 756 2084 ad
784 2040 1158 2098 quadragesimum
1196 2054 1356 2083 annum
1382 2042 1529 2084 aetatis
1558 2042 1603 2084 in
1639 2044 1762 2086 variis

437 2120 684 2178 regionibus
719 2118 976 2159 rhetoricam
1008 2118 1244 2159 exercuisse
1276 2129 1305 2161 ⁴.

495 2196 626 2253 Atqui
663 2195 850 2250 primum
898 2195 1154 2246 notandum,
1195 2194 1403 2249 ejusmodi
1445 2196 1762 2241 distinctionem

479 2324 493 2346 1
519 2325 610 2355 Conf.
633 2323 715 2354 Piso.
738 2322 799 2353 29:
823 2320 969 2363 ἀπάτην
992 2320 1054 2352 καὶ
1073 2320 1210 2358 ψεῦδος
1231 2321 1293 2352 καὶ
1323 2320 1542 2365 θρασύτητα
1570 2321 1632 2353 καὶ
1658 2322 1762 2364 βοήν.

433 2391 501 2411 cum
518 2379 610 2410 Rhet.
631 2379 740 2412 Praec.
761 2390 790 2409 c.
809 2376 868 2408 22:
889 2376 931 2408 τὸ
950 2375 1088 2414 ψεῦδος
1105 2375 1305 2421 πρόχειρον.
1327 2388 1358 2408 κ.
1379 2389 1413 2409 τ.
1431 2375 1462 2409 λ.
1492 2389 1519 2409 e.
1544 2377 1608 2409 15:
1631 2378 1765 2423 θράσος

431 2432 593 2472 -τόλμαν
613 2433 675 2464 καὶ
695 2431 1040 2475 ἀναισχυντίαν-καὶ
1059 2432 1151 2473 βοὴν
1170 2430 1226 2463 ὅτι
1247 2433 1429 2474 μεγίστην.

480 2499 496 2519 ²
525 2499 589 2531 Bis.
616 2498 729 2529 Aonas.
749 2509 778 2528 c.
798 2495 853 2528 32.

482 2562 497 2582 ³
524 2545 677 2594 Solanus⁴
691 2563 766 2595 adeo
785 2564 824 2594 ad
840 2562 916 2594 haec
927 2563 1019 2593 verba
1035 2563 1218 2594 monendum
1230 2572 1295 2594 esse
1305 2562 1411 2593 duxit:
1426 2574 1442 2594 α
1454 2573 1527 2594 cave
1535 2562 1607 2594 hinc
1623 2569 1764 2603 provecta

439 2621 498 2659 jam
518 2626 617 2651 aetate
634 2620 729 2651 fuisse
746 2619 892 2660 colligas,
915 2630 983 2650 cum
1001 2619 1039 2649 ad
1060 2619 1154 2649 otium
1176 2630 1208 2649 se
1226 2618 1376 2653 contulit;
1396 2618 1474 2648 alibi
1488 2619 1568 2650 enim
1581 2619 1692 2651 diserte
1712 2619 1764 2649 XL

442 2686 555 2708 annum
565 2682 663 2709 notat.
675 2687 692 2708 x

478 2748 496 2772 4
521 2742 605 2772 Gilh.
623 2742 747 2781 Cogunt.
763 2766 769 2780 ‚
790 2743 820 2772 in
839 2742 947 2783 Elogio
959 2741 1028 2771 Luc.
1041 2741 1071 2770 in
1082 2741 1182 2771 Praes.
1199 2741 1292 2771 Basil.
1312 2741 1391 2771 Edit.
1409 2741 1510 2781 111‚a.
1548 2741 1642 2772 1563.
1655 2740 1765 2772 ὃιιίᾱιε
