2154 3500
1065 308 1119 347 44

425 427 476 466 sit
513 426 554 465 in
589 424 954 478 ipsunrnltiinum
986 432 1148 479 tempus
1180 424 1437 479 sophisticae
1457 429 1752 481 professionis3

425 517 557 558 quum
601 501 783 557 scriptor
826 501 925 543 libri
967 500 1185 560 significet
1226 516 1269 544 se
1308 500 1398 556 jam
1443 518 1520 559 per
1550 499 1781 561 plurimos

421 595 554 623 annos
590 581 635 623 in
669 580 882 622 rhetorica
921 581 1069 623 vixisse
1104 579 1130 623 ¹.
1172 581 1259 622 Nec
1293 577 1558 634 infitiamur,
1592 598 1681 626 esse
1711 583 1752 624 in

421 658 630 717 singulari
661 666 702 700 et
738 657 995 700 inventionis
1025 665 1066 700 et
1091 656 1410 713 compositionis
1438 658 1624 701 novitate
1649 659 1680 711 ²,
1713 667 1753 701 et

420 738 464 779 in
493 737 584 793 ipso
620 736 807 780 affectati
843 736 1005 796 dialogi
1039 752 1196 796 genere
1218 734 1257 788 ³,
1291 734 1538 792 quod-huic
1576 736 1753 780 Luciani

419 814 546 857 aetati
580 814 821 857 conveniat.
870 814 951 857 Sed
989 814 1217 872 quominus
1247 812 1337 868 jam
1381 819 1469 853 tum
1502 813 1673 854 florenti
1706 829 1751 854 e-

413 895 485 946 jus
513 894 688 951 ingenio
715 894 796 936 hoc
838 909 943 949 opus
984 893 1275 935 adscribamus
1320 892 1513 949 graviora
1542 891 1750 945 impedire

423 971 634 1013 videntur.

480 1052 528 1092 ln
554 1051 701 1105 priore
733 1051 915 1093 encomii
948 1058 1068 1106 parte
1085 1084 1096 1102 ,
1120 1050 1163 1092 in
1187 1064 1272 1105 qua
1300 1049 1481 1106 scriptor
1497 1064 1593 1090 cum
1621 1049 1751 1093 Ther-

418 1142 568 1184 sagora
595 1133 723 1183 poeta
748 1126 1036 1183 colloquitur,
1064 1127 1162 1168 satis
1191 1133 1391 1181 apparet,
1426 1140 1522 1168 euni
1553 1142 1638 1168 non
1669 1134 1750 1167 tam

415 1205 682 1260 simpliciter,
717 1212 764 1245 ut
785 1206 1001 1247 Gesnerus
1030 1212 1071 1245 et
1092 1203 1345 1246 Wielandus
1363 1204 1615 1255 voluerunt,
1655 1206 1753 1247 vul-

417 1299 537 1340 gares
564 1283 806 1327 laudatores
823 1283 1007 1325 illudere
1032 1281 1215 1324 voluisse
1230 1316 1240 1334 ,
1259 1296 1388 1339 quam
1412 1281 1599 1325 studiose
1622 1284 1748 1325 simul

416 1378 463 1404 ex
491 1362 673 1417 persona
703 1361 896 1419 loquacis
925 1366 1080 1416 poetae
1113 1375 1156 1402 se
1184 1359 1324 1415 ipsum
1351 1367 1590 1412 ostentare,
1619 1362 1748 1416 -peri-

416 1441 603 1498 tiamque
638 1439 805 1495 jactare
858 1438 1103 1493 scriptionis
1143 1453 1243 1480 suae
1282 1438 1509 1493 splendore
1557 1439 1607 1479 iis
1648 1439 1748 1494 ipsis

418 1518 618 1560 variando
664 1517 948 1565 ornamentis,
998 1530 1109 1570 qnae
1160 1530 1257 1556 cum
1306 1515 1518 1559 derisione
1566 1517 1746 1574 quadam

416 1741 481 1773 vri,
512 1734 589 1765 nist.
619 1747 651 1766 u.
681 1734 796 1765 Philol.
824 1736 967 1767 Analect.
996 1737 1157 1777 Minister,
1184 1737 1290 1776 1833,
1313 1739 1344 1768 S.
1365 1738 1449 1778 289,
1473 1744 1537 1768 not.
1559 1739 1619 1774 ὅυς
1646 1738 1743 1768 Wctz-

420 1791 474 1822 lar.
493 1792 514 1822 l.
535 1792 558 1822 l.
580 1803 611 1831 p,
633 1789 675 1822 24
690 1802 736 1831 sq.

457 1862 470 1885 ¹
496 1863 653 1895 Demosth.
684 1864 759 1895 Enc.
781 1876 809 1896 c.
833 1864 874 1896 17
888 1886 897 1903 ,
915 1872 944 1896 et
962 1878 988 1897 c.
1007 1865 1061 1897 24.
1083 1866 1189 1898 Senem
1210 1867 1285 1898 adeo
1296 1866 1390 1896 fuisse
1410 1866 1581 1905 suspicatur
1592 1868 1744 1906 solanus,

411 1921 448 1949 ad
468 1931 496 1952 c.
517 1920 579 1956 24:
604 1932 660 1951 uec
676 1922 805 1951 fortasse
822 1921 956 1962 injuria,
984 1929 1014 1953 et
1042 1928 1145 1954 tamen
1166 1928 1273 1954 auctor
1302 1921 1484 1953 rhetoricam
1510 1923 1686 1963 profitetur,
1713 1935 1742 1953 r.

410 1973 449 2016 2,
468 1974 489 2007 5
505 1982 535 2007 et
552 1974 593 2017 7,
614 1975 881 2017 continentemque
897 1978 965 2018 ejus
992 1976 1066 2008 artis
1082 1987 1179 2017 usque
1198 1977 1237 2008 nd
1261 1976 1319 2008 hoc
1337 1982 1455 2017 tempus
1476 1976 1734 2009 exercitationem:

410 2044 539 2071 qnorum
561 2033 680 2072 quidem
698 2034 847 2072 alterum,
874 2033 901 2063 si
920 2033 1073 2064 Lucianus
1091 2040 1197 2064 auctor
1220 2033 1295 2072 fuit,
1317 2038 1463 2073 repugnat
1482 2033 1580 2065 alteri.

458 2109 471 2126 ἒ
498 2107 626 2138 Strenue
644 2109 676 2138 in
688 2119 733 2147 pr.
752 2108 811 2138 hoc
828 2109 951 2139 nominc
971 2109 1082 2138 librum
1103 2108 1238 2139 defendit
1258 2108 1462 2148 wic—landus,
1482 2108 1539 2138 Th.
1561 2108 1603 2138 Vl
1616 2132 1625 2148 ,
1637 2108 1744 2142 &123

410 2169 439 2193 ct
458 2163 489 2193 in
505 2163 637 2199 adnott.;
661 2169 732 2195 ante
750 2163 833 2194 hunc
849 2174 904 2203 pro
921 2162 1151 2194 aniaueoeum
1160 2161 1269 2193 habuit
1286 2162 1439 2193 Gesnerus
1457 2161 1527 2205 (etsi
1536 2163 1742 2206 dubitanter„

412 2219 511 2251 incl.
533 2220 630 2249 secuti
646 2226 716 2249 sunt
735 2219 903 2249 Lehmann.
924 2220 946 2249 l.
966 2220 989 2249 l.
1013 2218 1053 2249 A.
1069 2219 1190 2258 Pauly,
1212 2218 1251 2248 ad
1270 2229 1349 2248 vers.
1370 2218 1473 2248 Germ.
1492 2218 1523 2248 S.
1545 2217 1648 2254 1752;
1670 2219 1740 2249 Ber-

409 2274 481 2314 Ιιρτ,
503 2273 607 2304 Litter.
630 2274 658 2304 d.
677 2274 830 2304 Demosih.
855 2274 885 2304 S.
908 2273 966 2311 295
995 2274 1027 2304 C.
1049 2274 1087 2304 G.
1107 2273 1215 2304 Jacob.
1235 2272 1381 2303 Charakt.
1403 2272 1433 2303 S.
1452 2272 1504 2303 40.

452 2346 467 2368 5
492 2348 659 2385 Heusdim,
677 2350 707 2379 in
730 2348 803 2379 lnit.
826 2349 945 2379 philos.
967 2349 1048 2378 Plat.
1070 2349 1143 2380 Vol.
1164 2348 1217 2387 Π,
1236 2348 1272 2379 Ρ.
1295 2348 1333 2388 l,
1354 2359 1383 2387 p.
1404 2348 1468 2380 137
1487 2350 1581 2379 dixit:
1603 2354 1742 2379 exstam—

408 2406 445 2434 in
467 2405 547 2435 Luc.
567 2405 736 2445 scriptis,
751 2415 892 2445 quorum
902 2405 1022 2444 forma
1036 2404 1146 2445 plana
1174 2414 1216 2435 ea·
1248 2404 1397 2435 Platone
1424 2404 1529 2435 ducta
1562 2410 1634 2445 est,
1662 2417 1690 2437 v.
1714 2418 1741 2436 r.

412 2459 585 2490 Demosth.
609 2460 696 2501 eloy.
711 2479 750 2486 .-
768 2460 884 2490 Passim
915 2459 1004 2489 etiam
1025 2460 1107 2490 locos
1128 2459 1305 2490 Platonicos
1331 2460 1363 2490 in
1393 2471 1428 2490 eo
1453 2461 1612 2501 usurpari,
1645 2461 1742 2502 iisqne

405 2516 530 2556 adludi,
558 2517 620 2548 vid.
641 2529 689 2548 ex.
710 2529 737 2547 c.
759 2517 834 2548 coll.
861 2516 986 2547 exordio
1012 2528 1080 2547 cum
1110 2516 1199 2547 initio
1223 2516 1372 2553 Phaedri3
1400 2528 1427 2548 c.
1446 2516 1486 2554 5,
1511 2517 1574 2554 τὰς
1600 2526 1739 2560 »ronna—-

406 2573 466 2608 κάς
492 2572 632 2617 θύρας,
652 2574 781 2605 Phae-dr.
804 2586 832 2613 p.
854 2573 939 2612 245,
965 2574 1011 2609 A;
1035 2586 1062 2604 c.
1084 2572 1144 2614 13,
1163 2573 1315 2613 duplicem
1335 2575 1642 2615 amorem,Symp.p.
1657 2575 1736 2607 180.

407 2629 451 2671 ὓς
471 2641 498 2661 e..
520 2628 580 2670 16,
599 2628 717 2675 ὥσπερ
735 2629 943 2671 βαλανεὺς,
964 2631 1111 2671 Respubl.
1133 2630 1260 2671 p.344‚
1275 2630 1311 2662 D.
1324 2646 1367 2653 —
1380 2631 1544 2662 Luciannm
1565 2638 1663 2663 autom
1683 2634 1739 2663 sub

402 2688 490 2717 {inem
513 2688 678 2719 rhetoricae
696 2689 894 2728 professionis
914 2690 1043 2720 multum
1064 2690 1094 2719 in
1115 2689 1243 2720 Platone
1263 2695 1412 2721 versatum
1433 2701 1498 2722 esse
1512 2715 1520 2730 ‚
1542 2690 1656 2722 efficere
1669 2691 1736 2722 lit-ot

400 2748 431 2773 vt
456 2754 492 2772 ex
520 2744 787 2786 Anacharside,
815 2752 842 2776 et
874 2758 909 2776 ex
942 2745 1036 2785 primo
1061 2746 1191 2785 que-dam
1214 2745 1327 2777 satirici
1353 2747 1469 2785 genens
1488 2747 1649 2786 specimine
1673 2746 1734 2777 lvi-

401 2809 514 2839 qrtno.
